2898 4518
266 331 330 396 126
621 349 794 396 nsnurnos
817 349 882 397 me.
908 349 952 396 v1.

265 507 311 572 Et
327 507 422 572 viridi
437 509 545 573 sedere
560 507 634 575 solo.
683 509 772 573 Tum
787 508 952 574 maximus
967 508 1058 574 heros

266 610 432 677 Matemas
448 613 594 699 agnoscit
611 635 698 698 aves,
715 615 887 698 laetusque
903 621 1076 699 precatur:

265 714 380 782 “Este
396 717 505 803 duces,
521 740 552 801 o,
569 717 597 783 si
612 739 677 803 qua
691 718 745 782 via
760 726 819 801 est,
837 739 1030 802 cursumque
1046 739 1103 803 per
1117 739 1212 782 auras

265 820 286 853 “
300 822 440 908 Dirigite
455 823 490 887 in
504 823 603 906 lucos,
621 822 679 888 ubi
694 823 850 908 pinguem
865 822 955 887 dives
970 829 1088 906 opacat
1258 823 1320 888 195

265 924 286 956 “
299 925 424 990 Remus
439 926 587 992 humum.
635 925 762 1011 Tuque,
779 948 811 1009 0,
828 926 935 991 dubiis
951 947 991 990 ne
1007 926 1108 990 defice
1124 926 1230 1002 rebus,

265 1028 287 1060 “
301 1029 388 1093 Diva
402 1031 569 1114 parens1’'
617 1030 669 1098 Sic
686 1031 805 1095 effatus
820 1029 956 1116 vestigia
970 1030 1099 1115 pressit,

268 1133 469 1217 Observans,
486 1157 571 1220 quae
587 1136 678 1221 signa
692 1136 810 1220 ferant,
827 1156 892 1221 quo
907 1137 1040 1200 tendere
1056 1143 1204 1221 pergant.

265 1236 442 1305 Pascentes
457 1240 532 1304 illae
548 1248 682 1306 tantum
697 1241 825 1327 prodire
840 1241 988 1326 volenda,

266 1344 438 1424 Quantum
453 1345 522 1410 acie
538 1353 669 1431 possent
685 1345 769 1412 oculi
785 1367 909 1410 servare
925 1354 1128 1430 sequentum.
1257 1344 1320 1407 200

236 1484 247 1508 ι
264 1449 346 1513 Inde
361 1449 419 1514 ubi
434 1472 547 1515 venere
564 1452 606 1516 ad
618 1451 728 1516 fauces
743 1450 958 1537 graveolentis
973 1450 1106 1534 Averni,

266 1553 403 1617 Tollunt
420 1573 452 1618 se
469 1555 597 1639 celeres,
614 1555 840 1640 liquidumque
856 1577 913 1640 per
928 1562 1005 1620 atra
1019 1555 1129 1640 lapsae

265 1657 402 1724 Sedibus
420 1659 544 1744 optatis
559 1660 689 1746 gemina
705 1681 802 1746 super
817 1661 929 1726 arbore
945 1660 1070 1744 sidunt,
1120 1649 1130 1668 '⁸

264 1761 413 1828 Discolor
428 1765 514 1828 unde
530 1765 604 1830 auri
619 1786 678 1850 per
693 1786 798 1830 ramos
813 1787 893 1830 aura
908 1765 1043 1831 refulsit.

264 1867 367 1947 Quale
384 1869 466 1933 solet
482 1869 571 1934 silvis
586 1870 730 1935 brumali
744 1870 860 1956 frigore
875 1869 999 1936 viseum
1256 1869 1322 1936 205

263 1969 391 2036 Fronde
406 1973 505 2036 virere
520 1995 614 2058 nova,
630 1975 718 2059 quod
732 1995 798 2038 non
814 1995 872 2039 sua
887 1974 1025 2040 seminat
1041 1973 1143 2058 arbos,

262 2075 309 2140 Et
324 2097 432 2141 croceo
447 2077 518 2142 fetu
534 2085 653 2143 teretes
669 2078 867 2144 circumdare
883 2086 1035 2145 truncos:

265 2180 356 2245 Talis
372 2190 441 2246 erat
457 2182 579 2268 species
595 2183 667 2248 auri
681 2183 861 2249 frondentis
877 2205 978 2269 opaca

264 2285 355 2370 llice,
372 2285 418 2350 sio
434 2286 500 2350 leni
515 2287 698 2374 crepitabat
713 2289 845 2354 bractea
861 2296 965 2356 vente.

265 2390 406 2478 Corripit
421 2391 552 2457 Aeneas
567 2394 741 2479 extemplo,
758 2394 939 2480 avidusque
954 2394 1100 2479 refringit
1130 2439 1136 2452 .

265 2494 497 2581 Cunctantem,
515 2504 550 2561 et
564 2497 650 2562 vatis
665 2505 777 2582 portat
793 2499 853 2564 sub
870 2506 960 2562 tecta
978 2498 1126 2582 Sibyllae.

332 2599 402 2665 Neo
419 2601 527 2666 minus
542 2600 667 2666 interea
683 2601 847 2666 Misenum
863 2601 898 2666 in
913 2602 1008 2666 litore
1025 2601 1143 2666 Teucri

265 2703 417 2787 Flebant,
435 2711 469 2770 et
485 2704 582 2770 cineri
598 2705 727 2791 ingrato
742 2727 892 2791 suprema
906 2706 1062 2772 ferebant.

264 2809 430 2894 Principio
446 2809 604 2895 pinguem
620 2810 725 2875 taedis
741 2817 774 2874 et
791 2811 900 2875 robore
916 2818 1003 2875 secto

264 2915 439 3000 Ingentem
455 2923 601 2980 struxere
617 2937 743 3001 pyram,
760 2915 815 2981 oui
829 2916 998 2982 frondibus
1013 2915 1093 2980 atris

180 3007 191 3020 ⁸
265 3019 428 3084 Intexunt
442 3020 557 3103 latera,
574 3029 608 3085 et
623 3021 737 3085 ferales
751 3028 829 3085 ante
845 3042 1011 3107 cupressos

264 3122 490 3206 Oonstituunt,
507 3123 725 3209 decorantque
741 3145 837 3210 super
851 3124 1055 3211 fulgentibus
1071 3123 1178 3189 armis.

262 3226 344 3292 Pers
360 3227 480 3293 calidos
495 3228 608 3294 latices
624 3236 657 3293 et
672 3228 778 3293 ahena
793 3229 953 3295 undantia
968 3228 1111 3294 flammis

263 3331 464 3418 Expediunt,
482 3323 661 3418 corpusque
677 3334 790 3399 lavant
804 3333 952 3420 frigentis
968 3342 1003 3399 et
1017 3342 1181 3420 unguunt.

262 3435 320 3500 Fit
336 3436 498 3522 gemitus3
523 3446 596 3503 tum
612 3438 757 3503 membre
773 3445 842 3503 toro
857 3438 978 3504 defleta
994 3446 1167 3523 reponunt,

264 3540 514 3625 Purpureasque
529 3563 627 3627 super
641 3549 757 3626 vestes,
774 3541 937 3607 velamina
953 3539 1042 3626 nota,

183 3725 188 3730 .
263 3643 459 3728 Oonjioinnt.
482 3637 489 3652 '
507 3646 587 3711 Pars
602 3647 729 3732 ingenti
744 3647 870 3712 subiere
886 3647 1018 3713 feretro-

264 3747 372 3812 'I'riste
388 3747 632 3834 ministerium,
648 3759 683 3814 et
699 3751 881 3836 subjectam
897 3773 983 3816 more
999 3758 1176 3837 parentum

264 3852 379 3919 Aversi
395 3863 528 3918 tenuere
544 3853 657 3919 facem.
705 3854 869 3940 Congesta
884 3862 1072 3920 cremantur

264 3956 373 4021 'Fures
387 3956 484 4040 dona,
502 3957 612 4041 dapes,
628 3956 701 4022 fuso
717 3965 854 4025 crateres
869 3959 962 4026 olivo.
