2898 4518
234 315 299 383 152
589 332 759 380 11111111
782 333 847 381 mn.
872 333 932 382 vu.

230 492 431 578 Moliturque
445 491 564 577 locum,
581 492 765 578 primasque
780 492 817 558 in
832 493 926 558 litore
943 494 1033 558 sedes

230 597 420 664 (lastrorum
434 597 470 662 in
485 619 609 662 morem
624 598 733 684 pinnis
748 606 850 683 atque
866 620 980 684 aggere
996 598 1108 684 cingit.
1147 619 1150 628 ’

69 725 75 736 ’
200 755 205 766 .
227 703 371 788 Jamque
387 703 451 768 iter
464 703 598 786 emensi,
616 711 720 768 turres
736 725 774 768 ac
789 710 880 768 tecta
896 702 1089 769 Latinorum
1224 701 1293 766 160

228 806 344 872 Ardua
360 806 535 871 cernebant
546 806 693 891 juvenes,
710 827 867 892 muroque
884 807 1056 873 subibant:

228 910 320 975 Ante
335 911 451 975 urbem
465 910 559 996 pueri
575 919 609 976 et
625 910 789 995 primaevo
804 910 881 976 flore
892 911 1052 995 juventus

229 1015 435 1080 Exercentur
451 1014 552 1099 equis,
570 1014 800 1100 domitantque
816 1015 852 1078 in
867 1015 1000 1099 pulvere
1016 1036 1138 1096 currus,

229 1119 301 1184 Aut
318 1140 407 1184 acres
423 1119 567 1184 tendunt
584 1139 687 1203 arcus,
704 1127 764 1184 aut
778 1120 870 1185 lenta
884 1119 1013 1184 lacertis

231 1223 364 1309 Spicula
380 1231 606 1309 contorquent,
624 1245 785 1308 cursuque
801 1224 935 1309 ictuque
950 1225 1137 1306 lacessunt3
1226 1225 1290 1289 165

230 1328 343 1408 Quum
358 1336 549 1413 praevectus
564 1349 646 1413 equo
661 1327 810 1414 longaevi
826 1329 909 1415 regis
924 1329 967 1394 ad
983 1349 1076 1394 aures

229 1431 377 1498 Nuntius
393 1432 542 1519 ingentes
557 1434 670 1519 ignota
685 1433 720 1498 in
734 1440 825 1498 veste
841 1440 986 1520 reportat
1041 1485 1044 1490 .

231 1539 410 1604 Advenisse
426 1539 519 1606 viros.
567 1539 628 1603 Ille
644 1538 733 1604 intra
749 1545 840 1604 tecta
855 1539 963 1604 vocari

230 1646 388 1730 Imperat,
406 1651 439 1709 et
456 1644 534 1709 solio
548 1644 676 1709 medius
692 1645 836 1710 consedit
850 1645 946 1711 avito.

231 1749 372 1814 Tectum
387 1756 578 1834 augustum,
595 1749 720 1835 ingens,
738 1757 872 1814 centum
888 1749 1027 1814 sublime
1043 1747 1214 1831 columnis,
1229 1743 1294 1814 170

231 1853 321 1919 Urbe
337 1853 403 1918 fuit
419 1875 558 1938 summa,
576 1854 751 1918 Laurentis
767 1854 855 1940 regia
871 1854 956 1937 Pici,

232 1958 440 2024 Horrendum
456 1959 544 2024 silvis
560 1966 593 2023 et
611 1959 762 2045 religione
780 1967 964 2046 parentum.

232 2063 296 2130 Hic
313 2072 442 2149 sceptra
457 2064 602 2149 accipere
618 2077 651 2128 et
667 2064 789 2150 primos
804 2065 953 2130 attollere
967 2065 1071 2130 fasces

232 2169 377 2256 Regibus
392 2191 486 2234 omen
502 2177 593 2251 erat;
617 2169 677 2235 hoc
693 2169 758 2234 illis
774 2169 865 2234 curia
880 2171 1054 2256 templum,

233 2275 305 2339 Hae
321 2274 418 2340 sacris
434 2275 523 2340 sedes
540 2273 643 2361 epulis
657 2297 666 2357 ;
691 2275 744 2340 hio
759 2274 859 2340 ariete
875 2297 968 2341 caeso
1232 2274 1297 2344 175

232 2379 405 2465 Perpetuis
421 2379 507 2444 soliti
523 2387 632 2465 patres
648 2379 811 2444 considere
828 2380 956 2447 mensis.

233 2484 320 2566 Quin
337 2485 438 2550 etiam
453 2493 602 2550 veterum
618 2484 739 2570 effigies
755 2507 796 2548 ex
811 2485 920 2550 ordine
936 2507 1071 2552 avorum
1181 2529 1188 2542 ·

233 2589 384 2675 Antiqua
400 2611 417 2654 1
434 2591 537 2673 cedro,
555 2589 739 2674 Italusque,
757 2596 914 2675 paterque
932 2590 1083 2674 Sabinus,

234 2694 398 2760 Vitisator
413 2715 546 2760 curvam
562 2715 692 2759 servans
709 2695 770 2759 sub
784 2694 926 2781 imagine
941 2695 1070 2778 falcem,

235 2801 461 2884 Saturnusque
477 2820 585 2883 senex,
601 2799 747 2883 danique
763 2799 913 2866 bifrontis
929 2800 1047 2886 imago,
1233 2801 1299 2866 180

234 2903 409 2969 Vestibula
424 2903 612 2987 adstabant,
631 2903 750 2988 aliique
766 2904 807 2968 ab
824 2905 944 2990 origine
960 2927 1059 2990 reges,

235 3008 355 3074 Martia
370 3009 427 3094 qui
443 3009 483 3074 ob
499 3008 640 3094 patriam
656 3009 832 3094 pugnando
847 3010 982 3075 vulnera
998 3011 1093 3097 passi.

235 3114 407 3198 Multaque
423 3121 589 3199 praeterea
604 3113 701 3178 sacris
716 3113 751 3178 in
767 3114 916 3199 postibus
932 3137 1034 3197 arma,

235 3220 370 3306 Captivi
385 3220 529 3306 pendent
545 3241 671 3304 currus,
689 3239 871 3304 curvaeque
887 3241 1012 3285 secures

234 3326 281 3391 Et
297 3325 414 3390 cristae
430 3325 591 3410 capitum,
608 3331 641 3391 et
657 3333 828 3410 portarum
843 3324 990 3410 ingentia
1007 3325 1161 3409 claustra,
1236 3326 1301 3390 185

237 3429 434 3516 Spiculaque
450 3430 610 3517 clipeique
627 3437 803 3515 ereptaque
820 3440 921 3495 rostra
939 3430 1064 3496 carinis.

237 3537 313 3620 Ipse
331 3534 492 3615 Quirinali
507 3534 591 3600 lituo
606 3555 770 3620 parvaque
787 3535 920 3599 sedebat

239 3638 433 3705 Succinctus
450 3640 573 3723 trabea,
590 3640 747 3724 laevaque
762 3640 865 3704 ancile
881 3640 1016 3725 gerebat

238 3744 348 3827 Picus,
366 3749 486 3828 equum
503 3745 656 3827 domitor3
669 3765 769 3828 quem
785 3751 884 3830 capta
899 3744 1053 3830 cupidine
1069 3742 1203 3828 conjux,

238 3850 350 3916 Aurea
366 3869 556 3934 percussum
571 3849 661 3935 virga
676 3870 870 3934 versumque
886 3849 1028 3932 venenis,
1239 3848 1302 3915 190

240 3954 335 4020 Fecit
352 3975 446 4018 avem
463 3953 565 4036 Circe,
583 3954 766 4039 sparsitque
782 3953 939 4020 coloribus
955 3954 1032 4020 alas.
