2898 4518
245 325 308 388 110
611 344 782 392 Aruernos
806 345 871 393 nro.
897 346 929 394 v.

244 501 436 567 Muneribus
452 503 601 568 cumulat
618 503 757 589 magnis,
774 525 811 568 ac
828 504 911 569 talia
925 504 1033 571 fatur:

242 605 262 637 “
278 606 508 697 Sume,pater:
533 629 610 673 nam
625 615 661 674 te
674 609 776 674 voluit
793 629 853 673 rex
868 631 1007 694 magnus
1023 610 1155 694 Olympi

243 709 263 741 “
279 709 416 776 Talibus
432 711 585 796 auspiciis
601 721 765 778 exsortem
780 714 897 778 ducere
912 713 1075 780 honorem.

243 815 385 900 “Ipsius
401 815 566 882 Anchisae
581 817 731 902 longaevi
745 817 806 882 hoc
822 839 943 882 munus
959 818 1105 902 habebis,
1240 820 1309 884 535

243 921 263 952 “
278 921 412 986 Oratera
427 922 620 1007 impressum
636 923 745 1008 signis,
763 945 862 1008 quem
880 924 1039 990 Thracius
1055 926 1134 990 olim

241 1031 262 1063 “
275 1030 441 1096 Anchisae
456 1026 595 1114 genitori
613 1028 647 1092 in
663 1049 782 1113 magno
797 1049 932 1094 munere
949 1029 1080 1096 Oisseus

241 1137 264 1170 “
276 1137 374 1202 Ferre
390 1137 441 1203 sui
455 1138 591 1203 dederat
606 1145 857 1203 monumentum
874 1146 908 1203 et
924 1138 1044 1224 pignus
1060 1137 1213 1204 amoris.’'

242 1243 295 1310 Sic
311 1241 401 1308 fatus
418 1243 520 1329 cingit
535 1243 691 1332 viridanti
707 1251 854 1329 tempora
869 1243 973 1328 lauro,

241 1347 287 1412 Et
302 1346 445 1432 primum
460 1353 537 1412 ante
553 1368 663 1411 omnes
679 1347 834 1412 victorem
850 1349 996 1433 appellat
1012 1347 1169 1414 Acesten.
1241 1349 1309 1415 540

241 1451 309 1517 Neo
325 1451 429 1516 bonus
444 1451 606 1536 Eurytion
621 1451 769 1536 praelato
784 1451 902 1517 invidit
917 1451 1042 1521 honori.

242 1557 398 1638 Quamvis
413 1557 499 1622 solus
514 1577 610 1622 avem
626 1557 713 1622 coelo
728 1556 846 1642 dejecit
862 1559 904 1622 ab
920 1559 997 1623 alto.

242 1661 414 1727 Proximus
428 1660 610 1747 ingreditur
624 1661 727 1745 donis,
745 1662 803 1747 qui
818 1662 950 1727 vincula
966 1661 1055 1748 rupit
1068 1683 1078 1744 ;

241 1763 429 1850 Extremus,
446 1765 570 1830 volucri
585 1765 643 1849 qui
658 1764 732 1829 fixit
748 1766 906 1830 arundine
922 1766 1055 1832 malum.

307 1868 357 1933 At
372 1874 465 1955 pater
481 1867 618 1952 Aeneas,
636 1869 782 1933 nondum
798 1869 975 1934 certamine
992 1869 1100 1953 misse,
1243 1871 1308 1938 545

243 1971 421 2038 Custodem
437 1973 479 2036 ad
495 1993 562 2037 sese
578 1973 797 2056 comitemque
812 1973 956 2058 impubis
972 1974 1052 2056 Iuli,
1068 1959 1073 1970 ’

242 2075 419 2161 Epytiden,
437 2084 531 2140 vocat
547 2083 581 2140 et
595 2075 696 2142 fidam
713 2076 757 2141 ric
773 2076 863 2141 fatur
877 2077 920 2142 ad
936 2099 1067 2145 aurem:

244 2179 264 2212 “
278 2179 382 2264 Vade,
399 2201 469 2266 age,
486 2188 519 2245 et
535 2180 688 2266 Ascanio,
706 2181 815 2266 sijam
830 2181 953 2266 puerile
969 2190 1124 2268 paratum

244 2283 264 2316 ‘⁴
277 2282 406 2369 Agmen
422 2283 522 2348 habet
538 2305 649 2348 secum
665 2305 842 2369 cursusque
857 2285 1016 2351 instruxit
1032 2307 1205 2370 equorum,

244 2389 265 2422 “
280 2389 391 2454 Ducat
407 2410 467 2454 avo
483 2397 610 2454 turmas
625 2396 659 2454 et
676 2410 744 2454 sese
761 2391 913 2455 ostendat
928 2391 963 2454 in
980 2391 1089 2474 armis,
1242 2393 1308 2458 550

245 2494 266 2526 “
278 2494 373 2578 Dic,”
390 2493 446 2559 ait.
493 2493 569 2580 Ipse
585 2515 717 2560 omnem
731 2495 828 2580 longo
842 2495 995 2561 decedere
1011 2496 1095 2561 circo
1212 2559 1216 2566 .

244 2599 396 2664 Infusum
412 2600 571 2686 populum
586 2606 620 2664 et
635 2620 768 2684 campos
780 2599 876 2684 jubet
891 2621 959 2665 esse
976 2608 1137 2686 patentes.

228 2705 406 2770 'Incedunt
421 2703 524 2790 pueri,
541 2703 728 2791 pariterque
744 2712 821 2768 ante
837 2725 891 2770 ora
906 2713 1082 2790 parentum

244 2807 396 2874 Frenatis
411 2809 524 2874 lucent
539 2809 574 2872 in
590 2809 692 2893 equis,
710 2829 790 2893 quos
806 2808 910 2874 omnis
925 2817 1041 2875 euntes

245 2913 429 2978 Trinacriae
445 2914 564 2978 mirate
579 2912 687 2978 fremit
705 2911 885 2998 Trojaeque
897 2912 1064 2998 juventus.
1242 2919 1308 3000 555

245 3018 407 3085 Omnibus
423 3019 458 3085 in
474 3041 596 3084 morem
611 3026 707 3084 tonsa
722 3040 815 3086 coma
830 3040 940 3105 pressa
955 3041 1080 3086 corona.

237 3123 369 3190 Cornea
385 3125 463 3191 bina
477 3125 587 3190 ferunt
603 3124 747 3210 praefixa
761 3123 895 3190 hastilia
910 3123 1001 3210 ferro,

246 3231 326 3296 Pars
341 3231 428 3297 leves
443 3231 576 3296 humero
592 3229 783 3315 pharetras;
808 3230 836 3294 it
852 3238 982 3316 pectore
999 3251 1127 3296 summo

245 3334 382 3402 Flexilis
398 3335 518 3402 obtorti
533 3355 591 3421 per
605 3334 726 3399 collum
742 3334 881 3399 circulus
897 3335 977 3401 auri.

247 3439 326 3504 Tres
342 3441 491 3525 equitnm
506 3439 641 3505 numero
657 3447 796 3523 turmae,
815 3440 962 3524 ternique
977 3448 1142 3526 vagantur
1246 3445 1309 3510 560

247 3545 425 3612 Ductores:
450 3545 542 3632 pueri
556 3545 607 3610 bis
623 3544 691 3610 seni
707 3565 869 3628 quemque
886 3544 990 3610 secuti

247 3649 389 3736 Agmine
405 3650 527 3735 partito
541 3648 670 3735 fulgent
686 3649 883 3734 paribusque
898 3649 1071 3735 magistris.

247 3755 325 3822 Una
341 3755 426 3820 acies
438 3754 608 3840 juvenum,
626 3754 723 3819 duxit
739 3775 841 3839 quam
849 3775 976 3840 parvus
991 3762 1148 3819 ovantem

248 3861 375 3929 Nomen
391 3859 444 3924 avi
459 3858 594 3922 referens
612 3859 773 3942 Priamus,
792 3866 852 3923 tua
867 3859 963 3942 clara,
982 3859 1099 3943 Polite,

250 3963 432 4048 Progenies,
449 3969 587 4027 auctura
602 3962 727 4028 Italos:
753 3983 853 4047 quem
870 3963 1032 4029 Thracius
1047 3964 1131 4030 albis
1249 3968 1312 4035 565
