2944 4522
244 321 312 387 270
593 338 764 385 sasamon
787 337 853 386 ars.
878 337 925 386 xr.

245 499 527 585 Spumantemque
543 498 692 585 agitabat
708 517 841 583 equum,
859 518 957 581 quem
973 495 1067 582 pallis
1083 494 1197 562 ahenis
1238 491 1307 563 770

243 604 285 668 In
301 604 449 691 plumam
465 603 608 689 squamis
624 625 702 668 auro
718 611 867 668 conserta
882 603 1038 688 tegebat;

243 709 329 794 Ipse,
346 709 514 795 peregrina
528 709 691 794 ferrugine
707 709 814 774 clarus
831 717 865 773 et
881 717 979 792 ostro,

244 815 377 900 Spicula
392 815 568 901 torquebat
585 814 686 899 Lycio
703 813 864 898 Gortynia
879 833 1000 895 cornu;

243 917 371 983 Aureus
387 939 429 983 ex
442 918 587 983 humeris
603 926 697 983 sonat
712 939 816 1002 arcus,
835 925 868 982 ct
884 939 981 982 aurea
997 915 1069 980 vati
1239 909 1308 982 774

243 1023 390 1108 Sassida3
404 1031 478 1088 tum
494 1044 639 1088 croceam
655 1023 926 1108 chlamydemque
943 1023 1097 1106 sinusque
1113 1028 1285 1106 crepantes

244 1127 421 1195 Carbaseos
436 1127 527 1193 fulvo
542 1127 578 1192 in
592 1128 716 1194 nodum
731 1129 907 1214 collegerat
923 1150 1012 1211 auro,
1105 1127 1111 1141 '
1239 1122 1305 1192 776
1344 1129 1353 1148 ’

243 1232 359 1299 Pictus
374 1255 437 1298 acu
451 1233 582 1298 tunicas
598 1240 632 1298 et
647 1233 785 1297 barbara
800 1233 949 1318 tegmina
964 1253 1103 1298 crurum.

242 1337 342 1403 Hunc
358 1338 457 1424 virgo,
475 1337 540 1403 sive
555 1345 595 1402 ut
611 1337 744 1423 templis
760 1338 953 1424 praefigeret
970 1359 1062 1402 arma

243 1441 353 1527 Troia,
370 1442 500 1528 captivo
516 1441 582 1507 sive
600 1449 639 1506 ut
656 1463 689 1507 se
705 1442 804 1506 ferret
818 1442 854 1506 in
866 1463 955 1526 auro,

243 1545 405 1611 Venatrix
419 1567 524 1611 unum
541 1567 582 1611 ex
597 1546 686 1612 omni
701 1545 878 1612 certamine
895 1567 1026 1632 pugnae
1239 1541 1306 1611 780

116 1717 122 1729 ,
244 1650 348 1716 Caeca
364 1651 569 1737 sequebatur,
586 1659 762 1736 totumque
777 1651 913 1718 incauta
927 1673 985 1738 per
999 1672 1117 1738 agmen

242 1757 398 1822 Femineo
413 1759 552 1843 praedae
568 1764 602 1822 ct
618 1758 792 1843 spoliorum
808 1759 944 1823 ardebat
960 1777 1087 1825 amore:

243 1862 363 1927 Telum
378 1884 419 1928 ex
433 1862 559 1928 insidiis
576 1883 680 1948 quum
701 1864 837 1928 tandem
851 1871 997 1950 tempore
1013 1871 1111 1950 capto

243 1966 397 2032 Concitet
414 1975 447 2032 ct
462 1989 593 2053 superos
609 1967 737 2033 Arruns
752 1967 797 2033 sic
814 1989 891 2032 voce
906 1975 1078 2054 precatur:

243 2071 265 2105 “
276 2072 410 2140 Summe
425 2073 534 2157 deum,
552 2072 658 2138 sancti
673 2079 783 2138 custos
801 2073 941 2139 Soractis
957 2073 1087 2158 Apollo,
1237 2070 1304 2140 785

244 2176 265 2210 “
280 2177 386 2259 Quem
401 2178 498 2265 primi
513 2178 661 2262 colimus,
678 2177 732 2242 cui
746 2177 862 2263 pineus
879 2178 972 2242 ardor
987 2198 1101 2243 acervo

244 2283 265 2317 “
278 2283 440 2371 Pascitur,
457 2292 491 2350 et
506 2285 655 2350 medium
669 2284 745 2349 freti
761 2283 885 2370 pietate
901 2284 1082 2370 perignem

243 2390 265 2423 “
279 2389 427 2457 Cultorcs
443 2390 550 2456 multa
565 2390 743 2476 premimus
758 2389 896 2475 vestigia
911 2411 1027 2475 pruna,

243 2495 266 2530 “
281 2495 345 2579 Da,
363 2503 467 2582 pater,
485 2495 545 2560 hoc
561 2495 680 2561 nostris
695 2494 815 2560 aboleri
831 2495 971 2560 dedecus
986 2493 1094 2578 armis,

243 2599 499 2685 “Omnipotens
546 2599 623 2665 Non
638 2601 772 2666 exuvias
788 2601 942 2686 pulsaeve
958 2607 1130 2686 tropaeum
1236 2596 1303 2667 790

243 2703 424 2790 “Virginis
439 2712 499 2770 aut
515 2705 617 2790 spolia
633 2706 702 2770 ulla
717 2713 815 2790 pato;
840 2705 922 2770 mihi
938 2713 1044 2771 cetera
1058 2705 1193 2770 laudem

243 2809 383 2875 “Facta
397 2809 520 2878 ferent:
544 2811 624 2876 hacc
640 2811 710 2877 dira
725 2833 797 2876 meo
813 2812 895 2877 dum
910 2813 1041 2877 vulnere
1056 2810 1159 2898 pestis

243 2914 379 2980 “Pulsa
395 2909 503 2998 cadat,
520 2915 644 3001 patrias
661 2901 812 2982 remeabo
825 2915 982 3003 inglorius
997 2901 1126 2982 urbes.''

242 3019 361 3087 Audiit
377 3028 411 3086 et
426 3021 495 3087 voti
510 3021 662 3088 Phoebus
678 3023 848 3088 succedere
865 3030 994 3108 partem

243 3125 355 3192 Mente
371 3127 473 3212 dedit,
490 3134 621 3214 partem
635 3129 781 3194 volucres
796 3127 948 3214 dispersit
963 3127 1000 3193 in
1015 3145 1129 3193 amas:
1238 3122 1306 3194 795

243 3231 407 3298 Sterneret
424 3239 464 3298 ut
480 3232 590 3298 subita
605 3232 776 3299 turbatam
791 3241 896 3298 morte
914 3231 1102 3316 Camillam,

242 3335 375 3403 Adnuit
390 3337 497 3402 oranti
509 3357 519 3419 3
544 3339 698 3403 reducem
712 3346 752 3403 ut
764 3338 875 3424 patria
890 3338 960 3403 alta
975 3337 1110 3421 videret,

242 3439 318 3506 Non
332 3442 434 3526 dedit,
451 3443 550 3527 inque
567 3442 674 3509 Notos
688 3464 801 3509 vocem
816 3451 939 3509 vertere
955 3443 1122 3529 procellae.

241 3545 339 3632 Ergo,
355 3553 394 3611 ut
410 3546 508 3612 missa
523 3567 625 3612 manu
642 3546 786 3612 sonitum
801 3547 892 3614 dedit
907 3547 1004 3612 hasta
1019 3567 1078 3632 per
1092 3566 1190 3611 auras

244 3649 438 3716 Convertere
453 3650 578 3716 animos
594 3672 683 3717 acres
698 3652 870 3736 oculosque
886 3650 990 3716 tulere
1238 3649 1304 3714 800

243 3755 366 3822 Ouncti
380 3756 423 3820 ad
438 3755 584 3842 reginam
600 3756 721 3824 Volsci.
769 3756 862 3822 Nihil
877 3756 950 3842 ipsa
964 3777 1025 3822 nec
1041 3776 1139 3821 aurae

174 3869 176 3875 '
242 3861 312 3927 Nec
328 3859 453 3927 sonitus
468 3881 592 3926 memor
607 3871 666 3928 aut
681 3861 842 3927 venientis
858 3862 900 3927 ab
915 3861 1047 3928 aethera
1062 3860 1133 3948 teli,

243 3963 351 4033 Hasta
366 3965 427 4032 sub
442 3971 605 4032 exsertam
619 3968 721 4033 donea
737 3966 867 4053 perlata
884 3968 1046 4055 papillam
