2838 4522
460 288 631 362 squamos
654 289 717 336 LIB.
743 249 790 336 IV..

94 451 117 484 “
133 451 231 518 Solus
246 448 299 515 hic
315 447 446 514 inflexit
462 469 584 532 sensus,
602 449 814 533 animumque
829 449 998 514 labantem

94 555 116 588 “
130 553 295 640 Impulit:
319 573 459 639 agnosco
475 552 593 617 veteris
610 552 747 638 vestigia
762 553 922 620 flammae.

94 664 118 695 “
134 661 200 728 Sed
216 661 298 726 mihi
312 661 366 726 vel
381 661 481 744 tellus
496 665 608 745 optem
625 659 716 744 prius
731 661 797 724 ima
813 661 972 746 dehiscat,

95 769 119 800 “
133 767 200 833 Vel
215 775 310 853 pater
325 766 531 851 omnipotens
546 766 658 852 adigat
673 785 725 830 me
741 766 879 831 fulmine
894 768 937 831 ad
952 768 1093 850 umbras,
1118 769 1160 833 25

95 873 304 938 “Pallentes
319 873 453 938 umbras
469 871 568 937 Erebi
583 880 777 958 noctemque
794 873 1001 959 profundam,

96 979 121 1011 “
133 978 236 1061 Ante,
254 977 376 1061 Pudor,
394 997 495 1061 quam
511 983 544 1042 te
560 977 644 1042 violo
659 984 718 1041 aut
736 985 795 1042 tua
806 977 881 1062 jura
897 979 1026 1044 resolve.

97 1083 198 1148 “Ille
214 1103 313 1166 meos,
330 1082 454 1167 primus
470 1081 529 1167 qui
544 1103 596 1148 me
613 1081 676 1154 sibi
686 1081 812 1167 junxit,
830 1104 954 1148 amores

98 1188 122 1222 “
133 1187 303 1255 Abstulit:
328 1188 383 1253 ille
399 1187 520 1253 habeat
536 1208 647 1255 secum
663 1197 831 1274 servetque
849 1189 1026 1276 sepulcro.''

98 1294 155 1361 Sic
171 1291 283 1376 effata,
301 1293 410 1359 sinum
425 1293 568 1359 lacrimis
583 1293 734 1379 implevit
750 1295 881 1362 obortis.
1117 1296 1161 1360 30

97 1398 201 1464 Anna
217 1399 332 1465 refert:
359 1398 380 1431 “
395 1397 423 1466 O
441 1399 514 1464 luce
530 1399 635 1485 magis
651 1399 770 1465 dilecta
787 1401 892 1484 sorori,

100 1503 123 1536 “
139 1504 255 1570 Solane
270 1510 430 1589 perpetua
446 1507 592 1569 maerens
608 1525 737 1589 carpere
749 1504 899 1590 juventa,

101 1609 123 1641 “
135 1609 206 1674 Nec
223 1610 333 1674 dulces
348 1617 454 1692 natos,
472 1608 609 1675 Veneris
626 1631 684 1675 nec
700 1611 844 1697 praemia
859 1612 971 1678 noris?

102 1715 177 1782 “Id
192 1715 334 1780 cinerem
349 1722 408 1778 aut
425 1714 540 1779 Manes
556 1715 659 1780 credis
675 1737 785 1782 curare
802 1718 973 1802 sepultos?

102 1819 123 1852 “
135 1820 236 1886 Esto:
262 1841 391 1904 aegram
407 1819 491 1884 nulli
507 1820 672 1904 quondam
687 1821 803 1886 flexere
819 1821 942 1906 mariti,
1116 1823 1159 1889 35

102 1924 123 1956 “
135 1924 214 1989 Non
229 1924 362 2009 Libyae,
380 1946 444 1989 non
460 1931 538 1988 ante
555 1923 660 2008 Tyr03
684 1926 858 2010 despectus
874 1925 988 1992 Iarbas

101 2029 123 2062 “
136 2031 364 2115 Ductoresque
380 2029 446 2113 alii,
464 2051 544 2114 quos
560 2028 673 2094 Africa
688 2038 774 2094 terra
790 2029 967 2115 triumphis

101 2133 237 2200 “Dives
253 2133 334 2200 alit:
359 2133 523 2220 placitone
540 2133 641 2198 etiam
657 2135 820 2220 pugnabis
836 2135 966 2201 ambri?

102 2238 123 2272 “
136 2238 208 2304 Nec
223 2238 363 2304 venitin
378 2245 534 2323 mentem,
552 2259 692 2324 quorum
707 2237 888 2304 consederis
905 2237 1019 2305 arvis?

102 2343 124 2375 “
137 2342 227 2408 Hinc
244 2341 405 2408 Gaetulae
419 2341 527 2423 nrbes,
545 2365 647 2428 genus
662 2342 878 2428 insuperabile
893 2342 988 2426 belle,
1117 2341 1161 2407 40

102 2448 184 2512 “Et
200 2447 365 2513 Numidae
380 2447 497 2513 infreni
512 2447 651 2534 cingunt
666 2455 700 2513 et
715 2447 881 2534 inhospita
899 2447 1003 2533 Syrtis
1018 2470 1026 2531 ;

103 2551 124 2584 ‘⁶
137 2552 226 2616 Hinc
242 2552 372 2617 deserta
388 2551 444 2616 siti
460 2552 560 2638 regio,
577 2553 710 2637 lateque
725 2552 872 2638 spuentes

103 2657 124 2689 “
135 2654 280 2722 Barcaei.
328 2656 415 2737 Quid
429 2657 619 2742 beHaTyro
635 2657 802 2744 surgentia
817 2656 937 2742 dicam,

104 2761 124 2794 “
138 2761 360 2846 Germanique
376 2762 482 2826 minas
496 2763 512 2827 Ρ

103 2866 196 2933 “Dis
213 2866 364 2952 equidem
379 2865 567 2952 auspicibus
584 2887 652 2931 reor
667 2873 700 2930 et
717 2867 741 2932 J
743 2889 849 2932 unone
866 2868 1007 2932 secunda
1118 2865 1161 2934 45

102 2971 123 3004 “
135 2971 237 3036 Hunc
254 2992 385 3038 cursum
401 2970 520 3035 Iliacas
537 2977 633 3035 vento
648 2971 790 3036 tenuisse
806 2971 938 3040 carinas.
1173 2981 1177 2990 '

103 3074 246 3156 “Quam
262 3082 301 3140 tu
316 3075 440 3158 urbem,
458 3096 555 3159 soror,
572 3075 656 3139 hanc
673 3095 791 3159 cernes,
809 3096 891 3160 quae
907 3097 1034 3161 surgere
1050 3096 1148 3160 regna

102 3180 123 3211 “
134 3179 295 3265 Conjugio
310 3179 389 3246 talil
438 3179 602 3244 Teucrum
617 3178 849 3244 comitantibus
865 3179 974 3264 armis,
1102 3184 1105 3188 ’

102 3282 265 3348 “Punica
281 3303 314 3348 se
329 3282 461 3367 quantis
476 3282 607 3348 attollet
623 3282 725 3368 gloria
739 3283 853 3349 rebusl

102 3388 123 3421 “
138 3388 195 3452 'Pu
209 3388 305 3452 modo
319 3409 413 3473 posce
428 3388 505 3453 deos
519 3387 658 3470 veniam,
677 3385 838 3470 sacrisque
854 3385 961 3452 litatis
1120 3390 1164 3454 50

103 3492 124 3525 “
137 3491 280 3576 Indulge
295 3491 446 3577 hospitio,
463 3511 641 3575 causasque
657 3491 787 3554 innecte
803 3489 960 3576 morandi,

103 3597 231 3662 “Dum
246 3595 360 3682 pelago
375 3595 516 3661 desaevit
531 3595 636 3660 hiems
652 3611 686 3658 et
701 3615 842 3678 aquosus
860 3592 969 3679 Orion,

104 3701 125 3733 “
138 3701 383 3785 Quassataeque
398 3708 493 3785 rates,
509 3701 591 3765 dum
607 3721 672 3764 non
687 3697 859 3764 tractabile
875 3700 1030 3766 coelum.”

103 3805 167 3872 His
183 3805 282 3871 dictis
296 3805 466 3870 incensum
480 3804 629 3870 animum
642 3794 861 3870 inflammavit
877 3827 995 3890 amore,

106 3911 271 3996 Spemque
286 3908 376 3974 dedit
393 3908 510 3975 dubiae
525 3909 640 3993 menti,
659 3908 817 3993 solvitque
832 3911 995 3995 pudorem.
1120 3910 1163 3975 55

422 4014 442 4068 4
