2898 4518
497 301 668 348 AENHIDOS
693 303 756 347 LlB.
782 303 841 349 vn.

135 463 218 530 Jam
235 462 362 544 senior;
386 461 503 547 patriis
519 461 574 526 sed
590 483 655 525 non
672 470 705 524 et
722 461 809 527 filius
824 461 910 526 arvis

137 569 335 652 Contentus,
351 568 420 632 late
433 566 504 652 jam
520 576 592 630 tum
608 565 733 630 dicione
749 560 918 652 premebat

26 747 32 760 ,
138 675 302 741 Sarrastes
316 672 464 759 populos,
482 679 517 736 55
532 692 614 756 quae
630 672 715 758 rigat
731 693 871 756 aequora
889 673 1037 757 Sarnus„
1134 729 1136 736 ,

137 779 269 864 Quique
286 777 403 842 Rufras
420 777 644 861 Batulumque
661 782 775 842 tenent
791 787 892 863 atque
908 799 987 843 arva
1006 777 1178 862 Oelennae,

135 885 184 950 Et
200 905 283 968 quos
297 883 462 947 maliferae
478 882 669 968 despectant
685 883 812 948 moenia
829 883 987 950 Abellae:
1136 880 1202 950 740

138 989 321 1054 Teutonico
338 989 404 1054 ritu
420 987 505 1053 soliti
522 995 672 1072 torquere
688 989 830 1067 cateias;
1203 985 1208 994 '

139 1096 303 1182 Tegmina
318 1101 391 1180 quis
407 1095 556 1182 capitum
571 1103 687 1180 raptus
702 1097 743 1161 de
760 1096 873 1160 subere
891 1103 1013 1178 cortex,

138 1202 347 1287 Aerataeque
362 1201 486 1266 micant
502 1201 620 1286 peltae,
638 1201 739 1266 micat
755 1223 867 1266 aereus
884 1199 978 1266 ensis.

207 1307 255 1372 Et
271 1314 305 1372 te
321 1306 619 1371 montosae‘misere
635 1306 670 1370 in
685 1305 807 1392 proelia
823 1305 956 1390 Nersae,

139 1413 255 1497 Ufens,
272 1412 433 1502 insignem
449 1411 538 1476 fama
554 1420 588 1475 55
603 1411 752 1476 felicibus
767 1411 887 1476 armis:
1135 1407 1201 1477 745

139 1519 282 1584 Horrida
297 1519 471 1606 praecipue
487 1517 540 1582 cui
555 1539 634 1603 gens
650 1527 846 1600 assuetaque
862 1519 968 1583 multo

140 1625 276 1689 Venatu
291 1643 469 1706 nemorum,
487 1621 576 1687 duris
593 1621 779 1707 Aequicula
795 1623 905 1708 glebis.

138 1731 273 1796 Armati
290 1741 410 1795 terram
426 1737 586 1814 exercent,
605 1750 795 1814 semperque
811 1737 956 1795 recentes

140 1837 341 1902 (louvectare
353 1835 450 1920 juvat
465 1835 600 1919 praedas
616 1844 649 1898 et
666 1833 770 1898 rivere
786 1842 888 1919 rapte.

209 1943 296 2023 Quin
312 1950 345 2007 et
362 1941 527 2006 Marruvia
542 1941 631 2005 venit
649 1941 688 2006 de
705 1948 802 2026 gente
819 1942 975 2025 sacerdos,
1133 1936 1201 2007 750

139 2047 269 2112 Fronde
285 2069 383 2132 super
398 2047 523 2132 galeam
540 2054 574 2110 et
589 2045 677 2110 felici
692 2053 820 2110 cerutus
836 2046 931 2128 oliva,

140 2152 301 2238 Archippi
316 2151 399 2237 regis
415 2151 526 2234 missu,
543 2150 737 2216 fortissimus
755 2151 889 2232 Umbro³

140 2258 281 2342 Vipere'o
297 2257 406 2343 generi
421 2264 454 2320 et
471 2257 612 2342 graviter
628 2256 829 2342 spirantibus
845 2255 957 2341 hydris

141 2363 298 2448 Spargere
314 2361 369 2446 qui
387 2382 514 2426 somnos
530 2373 694 2445 cantuque
711 2383 877 2446 manuque
895 2361 1031 2445 solebat,

142 2467 373 2552 Mulcebatque
389 2467 454 2532 iras
470 2475 504 2532 et
520 2489 646 2531 morsus
663 2467 888 2533 arte'levabat.
914 2479 926 2502 ⁶
1136 2461 1201 2533 755

141 2574 207 2640 Sed
222 2595 289 2637 non
304 2572 489 2638 Dardaniae
505 2572 658 2637 medicari
675 2573 816 2658 cuspidis
832 2572 936 2638 ictum
993 2614 998 2626 ·

62 2699 67 2708 “
139 2679 288 2763 Evaluit,
305 2700 410 2764 neque
426 2699 501 2743 eum
513 2677 624 2763 juve‘re
641 2679 675 2742 in
691 2679 825 2743 vulnera
841 2687 960 2745 cantus

141 2785 316 2851 Somniferi
331 2793 364 2850 et
381 2785 498 2850 Marsis
514 2785 680 2869 quaesitae
696 2785 863 2849 montibus
880 2784 1007 2852 herbae.

141 2889 191 2953 Te
207 2911 323 2954 nemus
338 2888 528 2974 Anguitiae,
546 2889 650 2952 vitrea
668 2897 701 2954 te
717 2889 863 2954 Fucinus
879 2891 978 2973 unda,

141 2995 190 3058 Te
207 2995 325 3080 liquidi
340 2995 455 3059 flevere
471 2996 570 3060 lacus.
1136 2989 1203 3061 760

210 3101 288 3165 Ibat
304 3107 338 3164 55
354 3101 529 3187 Hippolyti
545 3101 649 3184 proles
666 3100 884 3184 pulcherrima
898 3101 993 3183 bello,

140 3206 286 3290 Virbius,
302 3205 462 3292 insignem
479 3227 578 3290 quern
592 3213 700 3290 mater
714 3205 826 3270 Aricia
839 3205 943 3297 misit,

139 3311 312 3376 Eductum
328 3311 464 3397 Egeriae
480 3312 563 3376 lucis
578 3311 751 3376 humentia
767 3313 890 3376 circum

140 3415 266 3501 Litora,
283 3417 415 3502 pinguis
431 3417 488 3482 ubi
505 3425 539 3481 et
555 3401 723 3503 placabilis
740 3439 795 3482 ara
812 3416 949 3483 Dianae.

140 3521 294 3606 Namque
309 3521 420 3586 serunt
435 3522 523 3586 fama
535 3521 766 3608 Hippolytum,
780 3529 955 3607 postquam
967 3528 1037 3586 arte
1050 3541 1204 3585 novercae

142 3625 310 3692 Occiderit
326 3627 513 3712 patriasque
529 3628 667 3714 explerit
684 3627 840 3712 sanguine
856 3647 977 3712 poenas
1138 3621 1203 3691 766

143 3731 302 3798 Turbatis
319 3733 496 3832 distractup
513 3734 615 3818 equis,
633 3733 676 3797 ad
692 3732 795 3797 sidera
810 3753 921 3797 rursus

24 3907 28 3912 ,
139 3837 300 3904 Aetheria
317 3844 350 3900 et
362 3851 497 3922 'superas
513 3837 593 3902 coeli
607 3837 733 3902 venisse
751 3837 811 3901 sub
828 3858 934 3920 auras,

138 3943 291 4011 Paeoniis
308 3951 495 4008 revocatum
510 3943 616 4008 herbis
633 3953 666 4007 et
682 3964 789 4008 amore
807 3943 942 4009 Dianae.

423 4046 439 4102 8
