2898 4518
240 311 306 378 184
584 329 757 378 1111111111
780 331 844 380 ms.
870 331 943 380 vm.

241 490 347 572 “Quo
363 491 435 576 tibi,
452 492 539 576 diva,
556 491 651 558 mei?
701 489 822 558 Similis
838 491 866 557 si
881 513 959 556 cura
974 491 1113 575 fuisset3

241 595 362 660 “Tum
378 617 505 681 quoque
521 598 568 662 fas
584 597 675 661 nobis
693 595 832 662 Teucros
847 616 971 662 armare
987 597 1120 664 fuisset:

242 702 263 734 “
277 702 346 766 Nec
363 711 456 788 pater
471 703 676 788 omnipotens
693 701 826 786 'frojam
841 724 900 767 nec
915 703 986 768 fata
1000 703 1159 769 vetabant

242 806 263 839 “
275 808 379 892 Stare,
396 811 573 893 decemque
588 809 669 874 alios
685 809 856 873 Priamum
871 830 1035 893 superesse
1051 830 1108 895 per
1123 831 1235 876 annos.

243 912 320 977 “Et
335 934 435 997 nuno,
453 914 481 979 si
496 914 616 978 bellare
632 936 727 999 paras
743 922 844 999 atque
859 914 940 979 haec
956 914 1018 979 tibi
1034 936 1125 980 mens
1140 922 1201 999 est,
1235 914 1304 979 400
1319 927 1332 950 ⁰

244 1017 444 1102 “Quidquid
459 1017 495 1082 in
510 1027 581 1083 arte
597 1039 671 1082 mea
687 1040 820 1104 possum
835 1019 1025 1104 promittere
1041 1039 1146 1102 curae,

202 1135 206 1152 ¹
242 1122 261 1153 “
278 1123 373 1202 Quod
388 1121 459 1186 fieri
473 1122 555 1187 ferro
571 1123 734 1207 liquidove
751 1131 859 1208 potest
876 1123 1006 1206 electro,
1116 1205 1122 1212 ¹

242 1227 447 1308 “Quantum
461 1228 553 1314 ignes
568 1229 761 1312 animaeque
777 1228 900 1312 valent,
917 1227 1038 1293 absiste
1055 1229 1216 1314 precando

243 1332 410 1399 “Viribus
426 1332 611 1398 indubitare
627 1333 725 1400 tuis.'’
771 1333 822 1397 Ea
839 1333 936 1398 verba
951 1334 1081 1398 locutus

244 1438 390 1525 Optatos
405 1439 496 1504 dedit
511 1439 693 1524 amplexus,
710 1439 943 1524 placidumque
959 1437 1078 1524 petivit
1237 1435 1303 1504 405

243 1545 399 1631 (lonjugis
415 1545 543 1610 infusus
558 1545 679 1630 gremio
695 1567 751 1630 per
768 1544 915 1608 membra
931 1565 1085 1629 soporem.

242 1650 324 1714 Inde
339 1650 397 1716 ubi
412 1650 519 1736 prima
534 1650 626 1735 quies
640 1649 748 1715 medio
760 1649 831 1734 jam
846 1647 951 1714 noctis
966 1649 1103 1713 abactae

187 1769 190 1775 '
243 1755 411 1821 Curriculo
428 1755 599 1841 expulerat
615 1752 778 1839 somnum,
796 1777 899 1840 quum
914 1755 1036 1820 femina
1050 1754 1206 1840 primum,
1294 1755 1313 1770 “’

243 1859 307 1926 Oui
322 1861 456 1925 tolerare
473 1861 542 1926 colo
557 1859 662 1925 vitam
677 1860 835 1945 tenuique
854 1860 1001 1924 Minerva

243 1964 451 2050 Impositum,
468 1964 607 2030 cinerem
623 1972 657 2029 et
674 1965 794 2050 sopitos
811 1964 949 2029 suscitat
964 1965 1065 2050 ignes,
1240 1961 1306 2028 410

243 2069 384 2134 Noctem
399 2071 523 2135 addens
540 2069 638 2155 operi,
654 2069 857 2154 famulasque
874 2069 917 2134 ad
933 2069 1060 2134 lumina
1075 2069 1172 2154 longo

141 2229 149 2242 .
244 2173 386 2239 Exercet
401 2196 512 2260 penso,
530 2182 659 2240 castum
675 2183 713 2239 ut
730 2179 854 2240 servare
870 2175 977 2239 cubile

140 2357 147 2372 ⁴
246 2279 402 2366 Oonjugis
418 2287 451 2344 et
467 2281 568 2366 possit
584 2302 700 2365 parvos
716 2281 849 2346 educere
865 2287 978 2346 natos:

244 2386 346 2449 Haud
361 2407 452 2450 secus
468 2383 661 2471 ignipotens
677 2407 736 2450 nec
753 2393 897 2472 tempore
914 2386 1040 2472 segnior
1053 2385 1111 2451 1111

244 2491 400 2556 Mollibus
416 2513 433 2556 e
450 2491 563 2556 stratis
579 2513 675 2577 opera
690 2492 734 2556 ad
748 2490 878 2556 fabrilia
895 2492 1006 2577 surgit.
1239 2488 1306 2557 415

155 2607 158 2614 '
244 2597 360 2662 Insula
378 2596 546 2663 Sicanium
558 2581 657 2681 juxta
672 2596 761 2661 latus
777 2595 994 2680 Aeoliamque

244 2704 392 2789 Erigitur
408 2703 559 2788 Liparen,
576 2701 781 2767 fumantibus
797 2702 900 2766 ardua
915 2702 1013 2786 saxis,

245 2808 352 2888 Quam
368 2807 480 2872 subter
495 2828 611 2892 specus
626 2813 660 2870 11
678 2805 858 2891 Cyelopum
876 2787 971 2869 exesa
987 2805 1123 2870 caminis

244 2913 352 2977 Antra
367 2911 517 2977 Aetnaea
532 2919 664 2992 tonant,
682 2910 845 2994 validique
861 2909 1034 2974 incudibus
1048 2910 1135 2975 ictus

244 3015 362 3080 Auditi
378 3016 519 3080 referunt
535 3014 707 3100 gemitum,
725 3014 933 3098 striduntque
949 3013 1092 3078 cavernis
1240 3013 1307 3079 420

246 3121 425 3186 Stricturae
443 3120 638 3204 Chalybum,
656 3127 689 3184 et
704 3119 886 3184 fornacibus
902 3119 986 3204 ignis
1001 3119 1156 3199 anhelat;

245 3225 388 3290 Vulcani
404 3226 519 3290 domus
534 3232 568 3290 et
584 3223 748 3290 Vulcania
763 3224 892 3289 nomine
909 3225 1015 3291 tellus.

246 3329 317 3394 Hoc
333 3338 414 3394 tunc
430 3330 622 3416 Ignipotens
638 3331 724 3395 coelo
739 3330 907 3395 descendit
924 3329 966 3396 ab
982 3331 1058 3396 alto.
1082 3365 1085 3370 ·

246 3433 385 3497 Ferrum
401 3435 594 3499 exercebant
612 3441 705 3499 111111
723 3433 881 3519 Cyclopes
896 3434 932 3499 in
947 3443 1051 3519 antro,

248 3537 450 3623 Brontesque
468 3539 682 3624 Steropesque
698 3547 731 3603 et
748 3539 856 3603 nudus
873 3540 1017 3604 membra
1033 3540 1229 3625 Pyracmon
1242 3540 1307 3607 425

246 3643 309 3706 His
324 3643 535 3708 informatum
551 3645 703 3708 manibus
714 3643 784 3728 jam
801 3651 895 3729 parte
911 3644 1015 3728 polita

246 3748 386 3812 Fulmen
405 3756 494 3831 erat,
520 3757 590 3814 toto
606 3749 732 3835 genitor
747 3770 831 3833 quae
847 3749 988 3833 plurima
1004 3749 1091 3815 coelo

248 3852 369 3938 Dejicit
387 3853 422 3917 in
437 3861 558 3935 terras3
583 3877 657 3938 pars
672 3853 863 3939 imperfecta
879 3854 1051 3921 manebat:

249 3955 329 4022 Tres
345 3957 457 4023 imbris
472 3958 553 4022 torti
568 3959 682 4042 radios,
700 3966 765 4023 tres
780 3957 877 4024 nubis
892 3979 1031 4044 aquosae
