2944 4522
248 310 314 378 236
612 325 783 375 aaramos
805 327 871 375 116.
895 324 928 376 x.

249 487 478 574 Centenasque
494 510 623 572 manus,
640 487 881 573 quinquaginta
897 486 1005 552 oribus
1020 485 1129 572 ignem

247 589 506 680 Pectoribusque
522 594 645 677 arsisse,
663 593 687 658 J
689 593 756 658 ovis
772 613 875 677 quum
891 591 1030 656 fulmina
1047 597 1160 656 contra

247 699 313 764 Tot
328 699 461 784 paribus
478 706 635 784 streperet
652 697 774 784 clipeis,
792 703 842 762 tot
858 697 1031 781 stringeret
1047 715 1160 760 enses:

248 804 301 871 Sic
317 812 388 868 toto
405 803 535 869 Aeneas
551 803 696 868 desaevit
711 802 746 867 in
762 823 900 886 aequore
915 801 1029 884 victor,

247 907 297 973 Ut
314 908 413 973 semel
428 907 572 992 intepuit
588 928 707 972 mucro.
756 906 844 986 Quin
859 927 933 970 ecce
949 904 1093 990 Niphaei
1241 900 1309 970 570

247 1011 462 1097 Quadrijuges
476 1011 511 1076 in
527 1032 625 1096 equos
642 1012 840 1095 adversaque
857 1021 988 1096 pectora
1004 1009 1133 1090 tendit;
1185 1017 1193 1030 ‘

247 1117 362 1201 Atque
377 1117 427 1182 illi
441 1118 536 1202 longe
551 1117 756 1204 gradientem
772 1125 806 1182 et
822 1118 895 1182 dira
909 1117 1105 1180 frementem

247 1222 297 1286 Ut
313 1222 431 1306 videre,
448 1230 542 1288 metu
557 1221 640 1288 versi
656 1229 803 1307 retroque
820 1230 950 1308 rpentes

246 1326 497 1412 Effunduntque
513 1328 641 1412 ducem,
659 1327 857 1412 rapiuntque
873 1329 917 1392 ad
931 1327 1028 1392 litora
1043 1347 1183 1392 currum.

246 1431 378 1495 Interea
393 1429 513 1517 bijugis
528 1431 627 1496 infert
643 1453 675 1495 se
691 1431 844 1516 Lucagus
859 1430 942 1496 albis
988 1481 990 1486 -
1240 1425 1306 1495 575

245 1536 285 1600 In
302 1535 424 1602 medios
438 1535 603 1621 fraterque
619 1535 715 1622 Liger
728 1558 737 1618 3
763 1537 819 1601 sed
834 1537 934 1601 frater
948 1535 1084 1600 habenis

245 1640 371 1704 Flectit
390 1661 499 1725 equos,
517 1640 671 1706 strictum
687 1647 774 1706 rotat
790 1662 864 1706 acer
879 1639 1033 1726 Lucagus
1049 1661 1169 1705 ensem.

246 1743 346 1810 Haud
363 1745 442 1810 tulit
455 1743 586 1810 Aeneas
602 1751 696 1810 tanto
711 1744 833 1810 fervore
849 1744 1011 1811 furentes:

244 1848 356 1933 Irruit,
374 1850 572 1935 adversaque
587 1849 702 1935 ingens
717 1849 876 1935 apparuit,
887 1848 992 1915 hasta.

245 1953 308 2018 Oui
324 1953 440 2040 Liger:
853 2041 855 2045 ι
1238 1953 1306 2020 580

243 2058 265 2092 “
278 2059 354 2126 Non
370 2061 538 2128 Diomedis
555 2082 664 2147 equos,
680 2083 740 2126 nec
757 2083 889 2127 currum
905 2060 1008 2126 cernis
1024 2059 1148 2125 Achilli

244 2163 347 2229 “Aut
363 2165 524 2252 Phrygiae
541 2185 692 2250 camp0s;
717 2187 804 2230 nunc
819 2165 898 2230 belli
913 2164 988 2230 finis
1004 2173 1038 2230 et
1054 2163 1126 2229 aevi

244 2267 265 2300 “
280 2268 343 2340 His
358 2270 491 2336 dabitur
505 2269 628 2336 terris.”
655 2319 661 2334 .
675 2269 807 2336 Vesano
822 2270 905 2334 talia
919 2271 987 2334 late

246 2373 346 2444 Dicta
361 2375 473 2440 volant
488 2373 614 2462 Ligeri3
639 2377 696 2441 sed
712 2397 777 2440 non
792 2382 825 2440 et
844 2374 961 2440 Troius
976 2374 1069 2440 heros

244 2478 344 2544 Dicta
360 2487 456 2565 parat
472 2489 602 2548 contra:
623 2480 771 2566 jaculum
787 2503 864 2545 nam
880 2487 1012 2565 torquet
1028 2479 1062 2544 in
1078 2479 1197 2544 hostes.
1237 2479 1304 2544 585

244 2583 395 2670 Lucagus
411 2591 451 2650 ut
467 2606 586 2670 pronus
602 2585 747 2670 pendens
763 2585 798 2648 in
813 2585 947 2650 verbera
963 2584 1031 2650 telo

241 2687 425 2754 Admonuit
439 2689 577 2775 bijugos,
594 2687 735 2776 projecto
751 2690 832 2754 dum
847 2691 929 2775 pede
944 2690 1036 2754 laevo

241 2794 351 2879 Aptat
367 2817 400 2860 se
416 2816 567 2881 pugnae3
592 2795 681 2860 subit
697 2816 768 2860 oras
784 2794 880 2860 hasta
896 2794 1050 2878 perimas

240 2897 414 2984 Fulgentis
429 2899 535 2986 clipei,
552 2906 628 2964 tum
642 2900 774 2964 laevum
788 2898 929 2985 perforat
943 2899 1084 2984 inguen:

240 3003 407 3068 Excussus
423 3025 520 3068 curru
535 3003 748 3068 moribundus
764 3002 905 3068 volvitur
920 3003 1013 3068 arvis.
1233 3001 1302 3068 590

240 3109 345 3190 Quem
361 3109 435 3195 pius
450 3108 580 3174 Aeneas
595 3107 693 3174 dictis
708 3107 828 3172 affatur
843 3096 984 3174 amaris:¹

241 3215 263 3248 “
277 3215 418 3302 Lucage,
435 3217 526 3281 nulla
541 3222 617 3280 tuos
632 3236 745 3280 currus
759 3213 837 3299 fuga
853 3212 959 3299 segnis
974 3233 1133 3298 equorum

241 3319 263 3352 ‘⁶
276 3320 435 3404 Prodidit,
453 3327 512 3384 aut
527 3339 629 3384 vanae
645 3325 769 3384 vertere
785 3339 826 3382 ex
841 3317 990 3382 hostibus
1005 3317 1140 3382 umbrae
1153 3337 1162 3398 ;
1192 3333 1206 3358 ⁰

239 3423 352 3510 “Ipse
368 3425 446 3490 rotis
462 3424 578 3490 saliens
590 3423 670 3508 juga
686 3422 835 3488 deseris.''
882 3421 973 3486 Haec
989 3423 1038 3487 ita
1053 3421 1144 3487 fatus

239 3529 392 3615 Arripuit
408 3529 541 3616 bijugos.
588 3528 706 3594 Frater
721 3528 880 3593 tendebat
896 3529 1016 3593 inertes
1236 3528 1301 3592 595

238 3635 359 3701 Infelix
374 3635 510 3720 palmas,
528 3656 625 3700 curru
640 3634 792 3718 delapsus
809 3634 939 3700 eodem:

238 3739 335 3806 “Per
350 3749 394 3825 te,
412 3762 469 3826 per
484 3743 542 3825 qui
557 3748 591 3806 te
607 3739 710 3804 talem
725 3759 863 3823 genuere
878 3745 1039 3822 parentes,

238 3844 335 3910 “Vir
351 3843 500 3930 Trojane,
519 3844 587 3909 sine
602 3843 687 3907 hanc
702 3841 857 3925 animam,
871 3849 905 3906 et
921 3841 1071 3906 miserere
1086 3841 1251 3925 precantis
1261 3847 1269 3908 1
1281 3841 1298 3868 ”

237 3949 392 4014 Pluribus
409 3948 515 4013 oranti
531 3947 678 4054 Aeneas:
705 3945 841 4011 “Haud
856 3946 938 4012 talia
953 3946 1081 4012 dudum
