2898 4518
496 329 567 378 ΑΒΝ
569 329 667 376 moos
689 329 754 378 LIB.
783 329 814 378 V.

120 489 279 556 Mutabat
294 512 437 574 versans,
457 489 616 556 Siculisne
631 490 784 556 resideret
800 491 895 574 arvis,

125 596 260 663 Oblitus
274 597 430 680 fatorum,
448 596 595 662 Italasne
611 602 795 680 capesseret
810 617 891 662 oras.

123 701 212 766 Tum
228 701 334 767 senior
348 699 488 785 Nautes,
505 721 611 766 unum
628 699 777 764 Tritonia
793 699 905 764 Pallas

123 809 231 890 Quem
243 806 355 873 docuit
371 806 543 890 multaque
558 805 722 891 insignem
736 804 878 870 reddidit
893 811 975 888 arte,
1120 801 1187 872 705

122 913 216 977 Haec
233 933 385 997 responsa
400 910 513 994 dabat,
530 910 583 974 vel
598 931 682 995 quae
697 910 902 995 portenderet
917 909 966 974 ira
994 917 997 924 '

124 1017 249 1102 Magna
265 1017 374 1099 deum,
391 1014 446 1080 vel
461 1034 544 1098 quae
559 1015 702 1079 fatorum
718 1022 863 1099 posceret
878 1014 963 1080 orde.

123 1122 225 1206 Isque
240 1120 291 1186 his
306 1119 455 1186 Aeneam
470 1119 594 1186 solatus
609 1120 741 1186 vocibus
756 1119 852 1186 infit:

124 1225 248 1290 “Nate
264 1226 335 1308 dea,
353 1246 418 1310 quo
432 1224 504 1290 fata
518 1224 657 1290 trahunt
672 1224 922 1309 retrahuntque‚
941 1244 1136 1308 sequamur;

124 1329 145 1362 “
161 1331 330 1415 Quidquid
346 1331 418 1414 erit,
432 1332 616 1416 superanda
631 1331 735 1396 omnis
750 1331 882 1398 fortuna
897 1329 1028 1394 ferendo
1044 1335 1102 1394 est.
1121 1326 1187 1394 710

124 1435 147 1468 “
162 1437 226 1501 Est
242 1435 305 1500 tibi
321 1435 507 1502 Dardanius
522 1435 651 1500 divinae
667 1435 778 1520 stirpis
794 1434 953 1502 Acestes:

125 1540 146 1573 “
160 1540 261 1605 Hunc
277 1561 356 1626 cape
372 1539 511 1606 consiliis
526 1539 651 1606 socium
667 1548 701 1606 et
717 1539 875 1626 conjunge
891 1541 1062 1606 volentem.

126 1645 249 1710 “Huic
266 1646 370 1730 trade,
387 1645 515 1711 amissis
531 1651 686 1730 superant
703 1644 761 1729 qui
776 1645 925 1731 navibus,
943 1654 977 1711 et
994 1667 1074 1730 quos

127 1750 148 1783 “
162 1751 354 1816 Pertaesum
369 1751 483 1836 magni
497 1750 622 1836 incepti
637 1771 809 1836 rerumque
824 1760 958 1818 tuarum
974 1759 1024 1817 est
1036 1773 1044 1834 ;

126 1857 413 1943 “Longaevosque
429 1877 519 1922 senes
535 1879 573 1922 ao
588 1856 688 1922 fessas
704 1879 842 1942 aequore
859 1866 991 1943 matres,
1121 1831 1187 1924 715

127 1962 148 1995 “
162 1963 210 2028 Et
226 1962 387 2047 quidquid
404 1969 513 2027 tecum
529 1962 711 2027 invalidum
727 1970 943 2047 metuensque
959 1962 1072 2047 pericli
1088 1969 1149 2048 est,

127 2068 148 2101 “
161 2068 289 2154 Delige‚
307 2074 341 2132 et
355 2067 406 2134 his
421 2067 563 2132 habeant
578 2067 671 2132 terris
688 2067 756 2132 sine
772 2067 900 2132 moenia
913 2066 1007 2133 fessi:

128 2173 289 2239 “Urbem
305 2173 520 2258 appellabunt
536 2172 690 2257 permisso
706 2173 837 2238 nomine
853 2171 1043 2239 Acestam.’'

127 2281 266 2346 Talibus
280 2280 432 2344 incensus
447 2277 545 2344 dictis
560 2278 691 2344 senioris
706 2277 814 2364 amici,

128 2385 218 2450 Tum
232 2406 308 2448 vero
322 2383 358 2448 in
374 2404 466 2448 curas
481 2381 590 2448 animo
606 2381 775 2448 diducitur
789 2403 909 2448 omnes.
1123 2376 1189 2448 720

126 2491 174 2556 Et
189 2511 256 2555 nox
271 2495 343 2554 atra
358 2489 470 2575 polum
484 2487 568 2573 bigis
584 2488 739 2554 subvecta
758 2488 910 2555 tenebat:

126 2595 211 2661 Visa
226 2594 343 2659 dehinc
360 2593 446 2662 coelo
460 2592 559 2658 facies
574 2593 708 2678 delapsa
723 2593 868 2679 parentis

127 2700 294 2768 Anchisae
310 2699 419 2765 subito
434 2699 518 2764 tales
533 2698 697 2764 effundere
712 2720 824 2766 voces:

128 2805 149 2839 “
161 2805 264 2890 Nate,
281 2804 363 2869 mihi
378 2804 448 2870 vita
463 2805 639 2890 quondam,
656 2805 737 2870 dum
752 2804 821 2870 vita
836 2806 1000 2890 manebat,

128 2910 150 2944 “
164 2910 247 2977 Oare
262 2909 377 2995 magis,
394 2917 472 2974 nate
488 2909 597 2974 Iliacis
612 2908 751 2974 exercite
766 2909 854 2993 fatis,
1123 2906 1190 2976 725

127 3013 306 3100 “Imperio
321 3014 345 3080 J
347 3014 415 3080 ovis
429 3014 494 3082 huc
510 3014 613 3098 venie,
630 3014 688 3099 qui
703 3015 861 3099 classibus
876 3015 986 3101 ignem

128 3120 150 3154 “
163 3119 316 3206 Depulit,
333 3127 368 3184 et
384 3121 470 3185 coelo
486 3121 621 3186 tandem
636 3119 809 3187 miseratus
824 3121 867 3186 ab
882 3121 950 3196 alto
966 3127 1025 3187 est.

128 3224 153 3306 *ἶ
165 3223 317 3290 Consiliis
332 3245 419 3308 pare,
436 3245 521 3308 quae
536 3245 625 3289 nunc
639 3224 857 3310 pulcherrima
872 3224 1001 3290 Nautes

129 3329 149 3362 ‘⁶'
165 3329 235 3393 Dat
251 3329 378 3410 senior;
403 3329 506 3394 lectos
518 3328 664 3414 juvenes,
682 3329 859 3395 fortissima
875 3329 981 3412 corda,

129 3434 150 3468 “
164 3434 266 3498 Defer
280 3434 316 3498 in
330 3433 488 3500 Italiam:
513 3455 592 3518 gens
607 3435 688 3499 dura
704 3441 803 3518 atque
819 3455 933 3518 aspera
948 3434 1042 3500 cultu
1124 3432 1190 3502 730

129 3540 150 3574 “
169 3540 373 3606 Debellanda
388 3539 451 3604 tibi
466 3538 562 3604 Latio
578 3547 636 3606 est.
685 3539 775 3604 Ditis
790 3546 905 3604 tamen
919 3547 998 3604 ante

130 3645 316 3711 “Infernas
332 3645 449 3709 accede
465 3644 586 3728 domos,
605 3651 638 3708 et
654 3643 787 3714 Averna
802 3664 861 3729 per
876 3645 946 3709 alta

129 3750 151 3784 “
165 3751 363 3837 Congressus
377 3756 465 3833 pete,
482 3756 571 3831 nate,
589 3769 759 3814 meos-non
774 3769 826 3813 me
842 3748 944 3835 impia
959 3770 1101 3833 namque

130 3856 151 3890 “
166 3855 306 3922 Tartara
322 3854 445 3918 habent
461 3852 634 3937 tristesque
650 3853 795 3938 umbrae,
809 3854 865 3919 sed
880 3876 1016 3920 amoena
1031 3853 1158 3939 piorum

130 3960 151 3996 “
163 3959 310 4028 Concilio
325 3956 540 4042 Elysiumque
556 3957 661 4039 colo-3
684 3957 749 4024 huc
765 3965 858 4024 casta
874 3959 999 4043 Sibylla
1125 3953 1191 4023 735
