<?xml version="1.0" encoding="UTF-8"?>
<!DOCTYPE html PUBLIC "-//W3C//DTD XHTML 1.0 Transitional//EN"
    "http://www.w3.org/TR/xhtml1/DTD/xhtml1-transitional.dtd">
<html xmlns="http://www.w3.org/1999/xhtml" xml:lang="en" lang="en">
 <head>
  <title>
</title>
<meta http-equiv="Content-Type" content="text/html;charset=utf-8" />
  <meta name='ocr-system' content='tesseract 3.04.00' />
  <meta name='ocr-capabilities' content='ocr_page ocr_carea ocr_par ocr_line ocrx_word'/>
</head>
<body>
  <div class='ocr_page' id='page_1' title='image "./virgilsaeneidwi00virggoog_0132.png"; bbox 0 0 2898 4518; ppageno 0'>
   <div class='ocr_carea' id='block_1_1' title="bbox 233 311 923 378">
    <p class='ocr_par' dir='ltr' id='par_1_1' title="bbox 233 311 923 378">
     <span class='ocr_line' id='line_1_1' title="bbox 233 311 923 378; baseline 0.003 -4"><span class='ocrx_word' id='word_1_1' title='bbox 233 311 297 376; x_wconf 89' lang='grc'>108</span> <span class='ocrx_word' id='word_1_2' title='bbox 605 329 776 376; x_wconf 72' lang='lat' dir='ltr'>rnunrnos</span> <span class='ocrx_word' id='word_1_3' title='bbox 800 329 865 378; x_wconf 82' lang='lat' dir='ltr'>nra.</span> <span class='ocrx_word' id='word_1_4' title='bbox 891 329 923 376; x_wconf 81' lang='lat' dir='ltr'>v,</span> 
     </span>
    </p>
   </div>
   <div class='ocr_carea' id='block_1_2' title="bbox 139 489 944 575">
    <p class='ocr_par' dir='ltr' id='par_1_2' title="bbox 139 489 944 575">
     <span class='ocr_line' id='line_1_2' title="bbox 139 489 944 575; baseline 0.002 -21"><span class='ocrx_word' id='word_1_5' title='bbox 139 515 141 520; x_wconf 94' lang='lat'>·</span> <span class='ocrx_word' id='word_1_6' title='bbox 233 489 376 575; x_wconf 83' lang='lat' dir='ltr'>Eripuit,</span> <span class='ocrx_word' id='word_1_7' title='bbox 394 489 539 554; x_wconf 91' lang='lat' dir='ltr'>mulcens</span> <span class='ocrx_word' id='word_1_8' title='bbox 555 489 663 573; x_wconf 86' lang='lat' dir='ltr'>dictis,</span> <span class='ocrx_word' id='word_1_9' title='bbox 681 511 719 554; x_wconf 85' lang='lat' dir='ltr'>ac</span> <span class='ocrx_word' id='word_1_10' title='bbox 735 489 817 554; x_wconf 87' lang='lat' dir='ltr'>talia</span> <span class='ocrx_word' id='word_1_11' title='bbox 833 489 944 556; x_wconf 83' lang='lat' dir='ltr'>fatur:</span> 
     </span>
    </p>
   </div>
   <div class='ocr_carea' id='block_1_3' title="bbox 231 593 1299 1522">
    <p class='ocr_par' dir='ltr' id='par_1_3' title="bbox 233 593 1299 784">
     <span class='ocr_line' id='line_1_3' title="bbox 233 593 1299 679; baseline 0.003 -21"><span class='ocrx_word' id='word_1_12' title='bbox 233 594 254 627; x_wconf 90' lang='lat'><strong><em>“</em></strong></span> <span class='ocrx_word' id='word_1_13' title='bbox 268 593 398 679; x_wconf 81' lang='lat' dir='ltr'><strong>Infelix,</strong></span> <span class='ocrx_word' id='word_1_14' title='bbox 416 615 499 678; x_wconf 89' lang='lat' dir='ltr'>quae</span> <span class='ocrx_word' id='word_1_15' title='bbox 514 602 609 658; x_wconf 86' lang='lat' dir='ltr'>tanta</span> <span class='ocrx_word' id='word_1_16' title='bbox 625 593 772 658; x_wconf 90' lang='lat' dir='ltr'>animum</span> <span class='ocrx_word' id='word_1_17' title='bbox 788 594 954 658; x_wconf 86' lang='lat' dir='ltr'>dementia</span> <span class='ocrx_word' id='word_1_18' title='bbox 969 594 1083 679; x_wconf 86' lang='lat' dir='ltr'>cepit?</span> <span class='ocrx_word' id='word_1_19' title='bbox 1232 594 1299 662; x_wconf 85' lang='lat'>465</span> 
     </span>
     <span class='ocr_line' id='line_1_4' title="bbox 233 697 1070 784; baseline 0.001 -21"><span class='ocrx_word' id='word_1_20' title='bbox 233 697 344 764; x_wconf 88' lang='lat' dir='ltr'>“Non</span> <span class='ocrx_word' id='word_1_21' title='bbox 361 699 444 763; x_wconf 91' lang='lat' dir='ltr'>vires</span> <span class='ocrx_word' id='word_1_22' title='bbox 460 699 540 763; x_wconf 89' lang='lat' dir='ltr'>alias</span> <span class='ocrx_word' id='word_1_23' title='bbox 556 719 774 784; x_wconf 85' lang='lat' dir='ltr'>conversaque</span> <span class='ocrx_word' id='word_1_24' title='bbox 788 698 925 764; x_wconf 89' lang='lat' dir='ltr'>numina</span> <span class='ocrx_word' id='word_1_25' title='bbox 942 699 1070 764; x_wconf 83' lang='lat' dir='ltr'>sentis?</span> 
     </span>
    </p>

    <p class='ocr_par' dir='ltr' id='par_1_4' title="bbox 233 804 1138 890">
     <span class='ocr_line' id='line_1_5' title="bbox 233 804 1138 890; baseline 0 -19"><span class='ocrx_word' id='word_1_26' title='bbox 233 805 253 837; x_wconf 82' lang='lat'>·&#39;‘</span> <span class='ocrx_word' id='word_1_27' title='bbox 268 804 354 871; x_wconf 83' lang='lat' dir='ltr'>Oede</span> <span class='ocrx_word' id='word_1_28' title='bbox 370 806 429 869; x_wconf 89' lang='lat' dir='ltr'>deo</span> <span class='ocrx_word' id='word_1_29' title='bbox 442 810 449 872; x_wconf 82' lang='lat'>1</span> <span class='ocrx_word' id='word_1_30' title='bbox 463 807 482 833; x_wconf 88' lang='lat'>&#39;&#39;</span> <span class='ocrx_word' id='word_1_31' title='bbox 529 805 700 889; x_wconf 78' lang='lat' dir='ltr'>Dixitque,</span> <span class='ocrx_word' id='word_1_32' title='bbox 718 812 753 869; x_wconf 90' lang='lat' dir='ltr'>et</span> <span class='ocrx_word' id='word_1_33' title='bbox 767 804 887 890; x_wconf 86' lang='lat' dir='ltr'>proelia</span> <span class='ocrx_word' id='word_1_34' title='bbox 903 826 980 870; x_wconf 90' lang='lat' dir='ltr'>voce</span> <span class='ocrx_word' id='word_1_35' title='bbox 996 805 1138 872; x_wconf 87' lang='lat' dir='ltr'>diremit.</span> 
     </span>
    </p>

    <p class='ocr_par' dir='ltr' id='par_1_5' title="bbox 232 909 1105 996">
     <span class='ocr_line' id='line_1_6' title="bbox 232 909 1105 996; baseline -0.001 -21"><span class='ocrx_word' id='word_1_36' title='bbox 232 909 297 975; x_wconf 85' lang='lat' dir='ltr'>Ast</span> <span class='ocrx_word' id='word_1_37' title='bbox 312 910 407 974; x_wconf 91' lang='lat' dir='ltr'>illum</span> <span class='ocrx_word' id='word_1_38' title='bbox 423 910 481 974; x_wconf 91' lang='lat' dir='ltr'>fidi</span> <span class='ocrx_word' id='word_1_39' title='bbox 497 911 658 995; x_wconf 89' lang='lat' dir='ltr'>aequales,</span> <span class='ocrx_word' id='word_1_40' title='bbox 676 931 783 995; x_wconf 88' lang='lat' dir='ltr'>genua</span> <span class='ocrx_word' id='word_1_41' title='bbox 799 932 894 996; x_wconf 90' lang='lat' dir='ltr'>aegra</span> <span class='ocrx_word' id='word_1_42' title='bbox 910 911 1105 992; x_wconf 79' lang='lat' dir='ltr'><strong>trahentem,</strong></span> 
     </span>
    </p>

    <p class='ocr_par' dir='ltr' id='par_1_6' title="bbox 231 1016 1160 1101">
     <span class='ocr_line' id='line_1_7' title="bbox 231 1016 1160 1101; baseline 0.002 -21"><span class='ocrx_word' id='word_1_43' title='bbox 231 1016 253 1080; x_wconf 85' lang='lat' dir='ltr'><strong>J</strong></span> <span class='ocrx_word' id='word_1_44' title='bbox 256 1023 487 1099; x_wconf 88' lang='lat' dir='ltr'>actantemque</span> <span class='ocrx_word' id='word_1_45' title='bbox 503 1023 640 1100; x_wconf 89' lang='lat' dir='ltr'>utroque</span> <span class='ocrx_word' id='word_1_46' title='bbox 656 1024 767 1101; x_wconf 87' lang='lat' dir='ltr'>eaput,</span> <span class='ocrx_word' id='word_1_47' title='bbox 784 1037 997 1100; x_wconf 88' lang='lat' dir='ltr'>crassumque</span> <span class='ocrx_word' id='word_1_48' title='bbox 1014 1033 1160 1082; x_wconf 89' lang='lat' dir='ltr'>cruorem</span> 
     </span>
    </p>

    <p class='ocr_par' dir='ltr' id='par_1_7' title="bbox 232 1119 1297 1312">
     <span class='ocr_line' id='line_1_8' title="bbox 234 1119 1297 1207; baseline 0 -21"><span class='ocrx_word' id='word_1_49' title='bbox 234 1119 298 1186; x_wconf 90' lang='lat' dir='ltr'>Ore</span> <span class='ocrx_word' id='word_1_50' title='bbox 316 1120 512 1204; x_wconf 87' lang='lat' dir='ltr'>ejectantem</span> <span class='ocrx_word' id='word_1_51' title='bbox 528 1121 713 1205; x_wconf 88' lang='lat' dir='ltr'>mixtosque</span> <span class='ocrx_word' id='word_1_52' title='bbox 728 1121 763 1186; x_wconf 89' lang='lat' dir='ltr'>in</span> <span class='ocrx_word' id='word_1_53' title='bbox 779 1121 938 1207; x_wconf 87' lang='lat' dir='ltr'>sanguine</span> <span class='ocrx_word' id='word_1_54' title='bbox 954 1123 1078 1207; x_wconf 89' lang='lat' dir='ltr'>dentes,</span> <span class='ocrx_word' id='word_1_55' title='bbox 1230 1121 1297 1190; x_wconf 80' lang='lat'>470</span> 
     </span>
     <span class='ocr_line' id='line_1_9' title="bbox 232 1224 1072 1312; baseline 0.004 -24"><span class='ocrx_word' id='word_1_56' title='bbox 232 1224 370 1290; x_wconf 88' lang='lat' dir='ltr'>Ducunt</span> <span class='ocrx_word' id='word_1_57' title='bbox 383 1225 425 1289; x_wconf 88' lang='lat' dir='ltr'>ad</span> <span class='ocrx_word' id='word_1_58' title='bbox 441 1246 550 1310; x_wconf 88' lang='lat' dir='ltr'>naves,</span> <span class='ocrx_word' id='word_1_59' title='bbox 567 1225 758 1311; x_wconf 82' lang='lat' dir='ltr'>galeamque</span> <span class='ocrx_word' id='word_1_60' title='bbox 774 1248 948 1312; x_wconf 83' lang='lat' dir='ltr'>ensemque</span> <span class='ocrx_word' id='word_1_61' title='bbox 964 1227 1072 1293; x_wconf 86' lang='lat' dir='ltr'>vocati</span> 
     </span>
    </p>

    <p class='ocr_par' dir='ltr' id='par_1_8' title="bbox 231 1327 1182 1417">
     <span class='ocr_line' id='line_1_10' title="bbox 231 1327 1182 1417; baseline 0.007 -25"><span class='ocrx_word' id='word_1_62' title='bbox 231 1327 412 1413; x_wconf 79' lang='lat' dir='ltr'>Accipiunt</span> <span class='ocrx_word' id='word_1_63' title='bbox 427 1350 436 1412; x_wconf 86' lang='lat'>;</span> <span class='ocrx_word' id='word_1_64' title='bbox 460 1330 606 1415; x_wconf 89' lang='lat' dir='ltr'>palmam</span> <span class='ocrx_word' id='word_1_65' title='bbox 622 1330 754 1396; x_wconf 90' lang='lat' dir='ltr'>Entello</span> <span class='ocrx_word' id='word_1_66' title='bbox 769 1340 968 1417; x_wconf 89' lang='lat' dir='ltr'>taurumque</span> <span class='ocrx_word' id='word_1_67' title='bbox 984 1333 1182 1416; x_wconf 88' lang='lat' dir='ltr'>relinquunt.</span> 
     </span>
    </p>

    <p class='ocr_par' dir='ltr' id='par_1_9' title="bbox 232 1431 1091 1522">
     <span class='ocr_line' id='line_1_11' title="bbox 232 1431 1091 1522; baseline 0.007 -26"><span class='ocrx_word' id='word_1_68' title='bbox 232 1431 296 1497; x_wconf 89' lang='lat' dir='ltr'>Hie</span> <span class='ocrx_word' id='word_1_69' title='bbox 313 1433 425 1517; x_wconf 89' lang='lat' dir='ltr'>victor,</span> <span class='ocrx_word' id='word_1_70' title='bbox 444 1455 599 1519; x_wconf 87' lang='lat' dir='ltr'>superans</span> <span class='ocrx_word' id='word_1_71' title='bbox 616 1435 734 1504; x_wconf 88' lang='lat' dir='ltr'>animis</span> <span class='ocrx_word' id='word_1_72' title='bbox 750 1443 908 1521; x_wconf 89' lang='lat' dir='ltr'>tauroque</span> <span class='ocrx_word' id='word_1_73' title='bbox 925 1437 1091 1522; x_wconf 90' lang='lat' dir='ltr'>superbus,</span> 
     </span>
    </p>
   </div>
   <div class='ocr_carea' id='block_1_4' title="bbox 63 1537 1227 1627">
    <p class='ocr_par' dir='ltr' id='par_1_10' title="bbox 63 1537 1227 1627">
     <span class='ocr_line' id='line_1_12' title="bbox 63 1537 1227 1627; baseline -0.001 -19"><span class='ocrx_word' id='word_1_74' title='bbox 63 1595 69 1608; x_wconf 90' lang='lat'><strong>.</strong></span> <span class='ocrx_word' id='word_1_75' title='bbox 147 1621 149 1626; x_wconf 23' lang='grc' dir='ltr'>Ι</span> <span class='ocrx_word' id='word_1_76' title='bbox 232 1537 254 1570; x_wconf 85' lang='grc'><strong>“</strong></span> <span class='ocrx_word' id='word_1_77' title='bbox 267 1538 356 1622; x_wconf 66' lang='lat' dir='ltr'>Nate</span> <span class='ocrx_word' id='word_1_78' title='bbox 372 1539 444 1623; x_wconf 92' lang='lat' dir='ltr'>dea,</span> <span class='ocrx_word' id='word_1_79' title='bbox 460 1560 581 1624; x_wconf 87' lang='lat' dir='ltr'>vosque</span> <span class='ocrx_word' id='word_1_80' title='bbox 597 1539 677 1604; x_wconf 90' lang='lat' dir='ltr'>haec</span> <span class='ocrx_word' id='word_1_81' title='bbox 690 1543 708 1570; x_wconf 88' lang='lat'>&#39;’</span> <span class='ocrx_word' id='word_1_82' title='bbox 725 1540 833 1625; x_wconf 89' lang='lat' dir='ltr'>inquit</span> <span class='ocrx_word' id='word_1_83' title='bbox 851 1541 873 1574; x_wconf 87' lang='lat'><strong>“</strong></span> <span class='ocrx_word' id='word_1_84' title='bbox 883 1543 1076 1627; x_wconf 83' lang='lat' dir='ltr'>cognoscite,</span> <span class='ocrx_word' id='word_1_85' title='bbox 1095 1541 1227 1626; x_wconf 78' lang='lat' dir='ltr'>Teucri,</span> 
     </span>
    </p>
   </div>
   <div class='ocr_carea' id='block_1_5' title="bbox 218 1643 1305 4028">
    <p class='ocr_par' dir='ltr' id='par_1_11' title="bbox 229 1643 1304 2674">
     <span class='ocr_line' id='line_1_13' title="bbox 232 1643 1294 1734; baseline 0.007 -28"><span class='ocrx_word' id='word_1_86' title='bbox 232 1643 253 1675; x_wconf 86' lang='lat'><strong>“</strong></span> <span class='ocrx_word' id='word_1_87' title='bbox 269 1643 315 1707; x_wconf 90' lang='lat' dir='ltr'>Et</span> <span class='ocrx_word' id='word_1_88' title='bbox 331 1643 413 1716; x_wconf 85' lang='lat' dir='ltr'>mibi</span> <span class='ocrx_word' id='word_1_89' title='bbox 429 1665 512 1728; x_wconf 91' lang='lat' dir='ltr'>quae</span> <span class='ocrx_word' id='word_1_90' title='bbox 527 1643 649 1710; x_wconf 81' lang='lat' dir='ltr'>fuerint</span> <span class='ocrx_word' id='word_1_91' title='bbox 660 1645 807 1730; x_wconf 87' lang='lat' dir='ltr'>juvenali</span> <span class='ocrx_word' id='word_1_92' title='bbox 822 1647 857 1712; x_wconf 91' lang='lat' dir='ltr'>in</span> <span class='ocrx_word' id='word_1_93' title='bbox 873 1669 1001 1734; x_wconf 89' lang='lat' dir='ltr'>corpore</span> <span class='ocrx_word' id='word_1_94' title='bbox 1016 1648 1110 1734; x_wconf 90' lang='lat' dir='ltr'>vires,</span> <span class='ocrx_word' id='word_1_95' title='bbox 1210 1673 1213 1678; x_wconf 94' lang='lat'>·</span> <span class='ocrx_word' id='word_1_96' title='bbox 1229 1645 1294 1714; x_wconf 83' lang='lat'>475</span> 
     </span>
     <span class='ocr_line' id='line_1_14' title="bbox 233 1746 1073 1840; baseline 0.006 -28"><span class='ocrx_word' id='word_1_97' title='bbox 233 1746 254 1778; x_wconf 88' lang='lat'><strong>“</strong></span> <span class='ocrx_word' id='word_1_98' title='bbox 267 1747 314 1812; x_wconf 87' lang='lat' dir='ltr'>Et</span> <span class='ocrx_word' id='word_1_99' title='bbox 330 1769 395 1840; x_wconf 84' lang='lat' dir='ltr'>qua</span> <span class='ocrx_word' id='word_1_100' title='bbox 412 1748 545 1814; x_wconf 88' lang='lat' dir='ltr'>servetis</span> <span class='ocrx_word' id='word_1_101' title='bbox 560 1757 748 1814; x_wconf 87' lang='lat' dir='ltr'>revocatum</span> <span class='ocrx_word' id='word_1_102' title='bbox 763 1773 782 1814; x_wconf 90' lang='lat' dir='ltr'>a</span> <span class='ocrx_word' id='word_1_103' title='bbox 798 1758 902 1826; x_wconf 87' lang='lat' dir='ltr'>morte</span> <span class='ocrx_word' id='word_1_104' title='bbox 919 1752 1073 1818; x_wconf 86' lang='lat' dir='ltr'>Dareta.&#39;’</span> 
     </span>
     <span class='ocr_line' id='line_1_15' title="bbox 233 1852 1000 1940; baseline 0.005 -24"><span class='ocrx_word' id='word_1_105' title='bbox 233 1852 340 1935; x_wconf 86' lang='lat' dir='ltr'>Dixit,</span> <span class='ocrx_word' id='word_1_106' title='bbox 358 1861 391 1916; x_wconf 92' lang='lat' dir='ltr'>et</span> <span class='ocrx_word' id='word_1_107' title='bbox 407 1853 534 1918; x_wconf 89' lang='lat' dir='ltr'>adversi</span> <span class='ocrx_word' id='word_1_108' title='bbox 551 1861 665 1918; x_wconf 86' lang='lat' dir='ltr'>contra</span> <span class='ocrx_word' id='word_1_109' title='bbox 680 1855 774 1920; x_wconf 89' lang='lat' dir='ltr'>stetit</span> <span class='ocrx_word' id='word_1_110' title='bbox 791 1877 845 1920; x_wconf 89' lang='lat' dir='ltr'>ora</span> <span class='ocrx_word' id='word_1_111' title='bbox 857 1855 1000 1940; x_wconf 89' lang='lat' dir='ltr'>juvenci,</span> 
     </span>
     <span class='ocr_line' id='line_1_16' title="bbox 231 1948 1089 2045; baseline 0.003 -24"><span class='ocrx_word' id='word_1_112' title='bbox 231 1957 295 2037; x_wconf 83' lang='lat' dir='ltr'>Qui</span> <span class='ocrx_word' id='word_1_113' title='bbox 311 1948 434 2022; x_wconf 92' lang='lat' dir='ltr'>donum</span> <span class='ocrx_word' id='word_1_114' title='bbox 450 1959 604 2023; x_wconf 79' lang='lat' dir='ltr'>adstabat</span> <span class='ocrx_word' id='word_1_115' title='bbox 620 1981 761 2044; x_wconf 85' lang='lat' dir='ltr'>pugnae,</span> <span class='ocrx_word' id='word_1_116' title='bbox 779 1961 939 2045; x_wconf 89' lang='lat' dir='ltr'>durosque</span> <span class='ocrx_word' id='word_1_117' title='bbox 955 1961 1089 2026; x_wconf 89' lang='lat' dir='ltr'>reducta</span> 
     </span>
     <span class='ocr_line' id='line_1_17' title="bbox 229 2061 1304 2150; baseline 0.008 -25"><span class='ocrx_word' id='word_1_118' title='bbox 229 2061 378 2127; x_wconf 87' lang='lat' dir='ltr'>Libravit</span> <span class='ocrx_word' id='word_1_119' title='bbox 394 2063 510 2126; x_wconf 90' lang='lat' dir='ltr'>dextra</span> <span class='ocrx_word' id='word_1_120' title='bbox 526 2063 632 2128; x_wconf 92' lang='lat' dir='ltr'>media</span> <span class='ocrx_word' id='word_1_121' title='bbox 647 2064 735 2128; x_wconf 90' lang='lat' dir='ltr'>inter</span> <span class='ocrx_word' id='word_1_122' title='bbox 750 2087 869 2130; x_wconf 88' lang='lat' dir='ltr'>cornua</span> <span class='ocrx_word' id='word_1_123' title='bbox 884 2074 1002 2150; x_wconf 89' lang='lat' dir='ltr'>cestus,</span> <span class='ocrx_word' id='word_1_124' title='bbox 1300 2144 1304 2150; x_wconf 60' lang='lat'><em>„</em></span> 
     </span>
     <span class='ocr_line' id='line_1_18' title="bbox 230 2151 1294 2252; baseline 0.005 -22"><span class='ocrx_word' id='word_1_125' title='bbox 230 2166 375 2250; x_wconf 85' lang='lat' dir='ltr'>Arduus,</span> <span class='ocrx_word' id='word_1_126' title='bbox 393 2151 590 2252; x_wconf 80' lang='lat' dir='ltr'>effractoque</span> <span class='ocrx_word' id='word_1_127' title='bbox 605 2167 697 2233; x_wconf 87' lang='lat' dir='ltr'>illisit</span> <span class='ocrx_word' id='word_1_128' title='bbox 713 2167 750 2232; x_wconf 92' lang='lat' dir='ltr'>in</span> <span class='ocrx_word' id='word_1_129' title='bbox 766 2191 837 2234; x_wconf 88' lang='lat' dir='ltr'>ossa</span> <span class='ocrx_word' id='word_1_130' title='bbox 853 2171 989 2238; x_wconf 90' lang='lat' dir='ltr'>cerebro.</span> <span class='ocrx_word' id='word_1_131' title='bbox 1228 2170 1294 2235; x_wconf 83' lang='lat'>480</span> 
     </span>
     <span class='ocr_line' id='line_1_19' title="bbox 233 2270 1192 2359; baseline 0.003 -21"><span class='ocrx_word' id='word_1_132' title='bbox 233 2270 399 2338; x_wconf 83' lang='lat' dir='ltr'>Sternitur</span> <span class='ocrx_word' id='word_1_133' title='bbox 414 2271 637 2356; x_wconf 82' lang='lat' dir='ltr'>exanimisque</span> <span class='ocrx_word' id='word_1_134' title='bbox 653 2281 797 2338; x_wconf 88' lang='lat' dir='ltr'>tremens</span> <span class='ocrx_word' id='word_1_135' title='bbox 815 2275 1000 2359; x_wconf 91' lang='lat' dir='ltr'>procumbit</span> <span class='ocrx_word' id='word_1_136' title='bbox 1016 2273 1110 2340; x_wconf 92' lang='lat' dir='ltr'>humi</span> <span class='ocrx_word' id='word_1_137' title='bbox 1124 2276 1192 2341; x_wconf 89' lang='lat' dir='ltr'>bos.</span> 
     </span>
     <span class='ocr_line' id='line_1_20' title="bbox 229 2375 934 2463; baseline 0.01 -24"><span class='ocrx_word' id='word_1_138' title='bbox 229 2375 291 2440; x_wconf 91' lang='lat' dir='ltr'>Ille</span> <span class='ocrx_word' id='word_1_139' title='bbox 307 2397 404 2460; x_wconf 92' lang='lat' dir='ltr'>super</span> <span class='ocrx_word' id='word_1_140' title='bbox 419 2377 502 2441; x_wconf 84' lang='lat' dir='ltr'>tales</span> <span class='ocrx_word' id='word_1_141' title='bbox 518 2377 658 2442; x_wconf 88' lang='lat' dir='ltr'>effundit</span> <span class='ocrx_word' id='word_1_142' title='bbox 675 2387 803 2463; x_wconf 86' lang='lat' dir='ltr'>pectore</span> <span class='ocrx_word' id='word_1_143' title='bbox 819 2401 934 2446; x_wconf 87' lang='lat' dir='ltr'>voces:</span> 
     </span>
     <span class='ocr_line' id='line_1_21' title="bbox 231 2478 1250 2566; baseline 0.008 -24"><span class='ocrx_word' id='word_1_144' title='bbox 231 2478 252 2512; x_wconf 88' lang='lat'><strong>“</strong></span> <span class='ocrx_word' id='word_1_145' title='bbox 265 2479 360 2545; x_wconf 89' lang='lat' dir='ltr'>Hanc</span> <span class='ocrx_word' id='word_1_146' title='bbox 378 2479 450 2565; x_wconf 87' lang='lat' dir='ltr'>tibi,</span> <span class='ocrx_word' id='word_1_147' title='bbox 467 2481 567 2566; x_wconf 87' lang='lat' dir='ltr'>Eryx,</span> <span class='ocrx_word' id='word_1_148' title='bbox 585 2482 750 2547; x_wconf 90' lang='lat' dir='ltr'>meliorem</span> <span class='ocrx_word' id='word_1_149' title='bbox 765 2484 908 2548; x_wconf 89' lang='lat' dir='ltr'>animam</span> <span class='ocrx_word' id='word_1_150' title='bbox 924 2505 982 2566; x_wconf 87' lang='lat' dir='ltr'>pro</span> <span class='ocrx_word' id='word_1_151' title='bbox 997 2491 1100 2550; x_wconf 91' lang='lat' dir='ltr'>morte</span> <span class='ocrx_word' id='word_1_152' title='bbox 1118 2484 1250 2550; x_wconf 85' lang='lat' dir='ltr'>Daretis</span> 
     </span>
     <span class='ocr_line' id='line_1_22' title="bbox 230 2583 1103 2674; baseline 0.007 -26"><span class='ocrx_word' id='word_1_153' title='bbox 230 2583 252 2616; x_wconf 89' lang='lat'><strong>“</strong></span> <span class='ocrx_word' id='word_1_154' title='bbox 262 2585 434 2651; x_wconf 88' lang='lat' dir='ltr'>Persolvo:</span> <span class='ocrx_word' id='word_1_155' title='bbox 458 2586 512 2650; x_wconf 92' lang='lat' dir='ltr'>hic</span> <span class='ocrx_word' id='word_1_156' title='bbox 528 2586 631 2671; x_wconf 83' lang='lat' dir='ltr'>victor</span> <span class='ocrx_word' id='word_1_157' title='bbox 646 2595 754 2652; x_wconf 85' lang='lat' dir='ltr'>cestus</span> <span class='ocrx_word' id='word_1_158' title='bbox 770 2596 939 2673; x_wconf 86' lang='lat' dir='ltr'>artemque</span> <span class='ocrx_word' id='word_1_159' title='bbox 956 2589 1103 2674; x_wconf 87' lang='lat' dir='ltr'>rep0n0.”</span> 
     </span>
    </p>

    <p class='ocr_par' dir='ltr' id='par_1_12' title="bbox 218 2675 1305 4028">
     <span class='ocr_line' id='line_1_23' title="bbox 298 2675 1293 2782; baseline 0.007 -30"><span class='ocrx_word' id='word_1_160' title='bbox 298 2675 460 2753; x_wconf 83' lang='lat' dir='ltr'>Protenus</span> <span class='ocrx_word' id='word_1_161' title='bbox 476 2689 605 2754; x_wconf 85' lang='lat' dir='ltr'>Aeneas</span> <span class='ocrx_word' id='word_1_162' title='bbox 621 2691 718 2756; x_wconf 89' lang='lat' dir='ltr'>celeri</span> <span class='ocrx_word' id='word_1_163' title='bbox 733 2699 856 2756; x_wconf 85' lang='lat' dir='ltr'>certare</span> <span class='ocrx_word' id='word_1_164' title='bbox 872 2692 995 2777; x_wconf 85' lang='lat' dir='ltr'>sagitta</span> <span class='ocrx_word' id='word_1_165' title='bbox 1168 2778 1171 2782; x_wconf 19' lang='grc' dir='ltr'>Ι</span> <span class='ocrx_word' id='word_1_166' title='bbox 1205 2751 1209 2758; x_wconf 92' lang='grc'>.</span> <span class='ocrx_word' id='word_1_167' title='bbox 1228 2693 1293 2760; x_wconf 84' lang='grc'>485</span> 
     </span>
     <span class='ocr_line' id='line_1_24' title="bbox 229 2793 999 2881; baseline 0.004 -24"><span class='ocrx_word' id='word_1_168' title='bbox 229 2793 371 2878; x_wconf 88' lang='lat' dir='ltr'>Invitat,</span> <span class='ocrx_word' id='word_1_169' title='bbox 389 2794 446 2878; x_wconf 91' lang='lat' dir='ltr'>qui</span> <span class='ocrx_word' id='word_1_170' title='bbox 457 2794 542 2868; x_wconf 60' lang='lat' dir='ltr'>,forte</span> <span class='ocrx_word' id='word_1_171' title='bbox 557 2795 671 2879; x_wconf 74' lang='lat' dir='ltr'>velint,</span> <span class='ocrx_word' id='word_1_172' title='bbox 688 2803 722 2860; x_wconf 88' lang='lat' dir='ltr'>et</span> <span class='ocrx_word' id='word_1_173' title='bbox 738 2796 882 2880; x_wconf 86' lang='lat' dir='ltr'>praemia</span> <span class='ocrx_word' id='word_1_174' title='bbox 897 2796 999 2881; x_wconf 88' lang='lat' dir='ltr'>ponit,</span> 
     </span>
     <span class='ocr_line' id='line_1_25' title="bbox 229 2898 980 2984; baseline 0.003 -22"><span class='ocrx_word' id='word_1_175' title='bbox 229 2898 428 2984; x_wconf 86' lang='lat' dir='ltr'>Ingentique</span> <span class='ocrx_word' id='word_1_176' title='bbox 444 2921 545 2963; x_wconf 90' lang='lat' dir='ltr'>manu</span> <span class='ocrx_word' id='word_1_177' title='bbox 561 2899 687 2964; x_wconf 88' lang='lat' dir='ltr'>malum</span> <span class='ocrx_word' id='word_1_178' title='bbox 702 2901 743 2964; x_wconf 92' lang='lat' dir='ltr'>de</span> <span class='ocrx_word' id='word_1_179' title='bbox 758 2921 841 2964; x_wconf 86' lang='lat' dir='ltr'>nave</span> <span class='ocrx_word' id='word_1_180' title='bbox 859 2900 980 2966; x_wconf 82' lang='lat' dir='ltr'>Seresti</span> 
     </span>
     <span class='ocr_line' id='line_1_26' title="bbox 229 3001 1089 3088; baseline 0.002 -22"><span class='ocrx_word' id='word_1_181' title='bbox 229 3001 349 3088; x_wconf 85' lang='lat' dir='ltr'>Erigit,</span> <span class='ocrx_word' id='word_1_182' title='bbox 367 3011 399 3067; x_wconf 89' lang='lat' dir='ltr'>et</span> <span class='ocrx_word' id='word_1_183' title='bbox 415 3003 579 3068; x_wconf 86' lang='lat' dir='ltr'>volucrem</span> <span class='ocrx_word' id='word_1_184' title='bbox 596 3002 731 3088; x_wconf 87' lang='lat' dir='ltr'>trajecto</span> <span class='ocrx_word' id='word_1_185' title='bbox 746 3003 781 3068; x_wconf 92' lang='lat' dir='ltr'>in</span> <span class='ocrx_word' id='word_1_186' title='bbox 796 3005 873 3068; x_wconf 85' lang='lat' dir='ltr'>fune</span> <span class='ocrx_word' id='word_1_187' title='bbox 890 3004 1089 3088; x_wconf 89' lang='lat' dir='ltr'>columbam,</span> 
     </span>
     <span class='ocr_line' id='line_1_27' title="bbox 231 3107 1044 3194; baseline 0.001 -21"><span class='ocrx_word' id='word_1_188' title='bbox 231 3109 302 3189; x_wconf 81' lang='lat' dir='ltr'>Quo</span> <span class='ocrx_word' id='word_1_189' title='bbox 319 3109 458 3173; x_wconf 90' lang='lat' dir='ltr'>tendant</span> <span class='ocrx_word' id='word_1_190' title='bbox 473 3107 606 3192; x_wconf 88' lang='lat' dir='ltr'>ferrum,</span> <span class='ocrx_word' id='word_1_191' title='bbox 623 3108 709 3178; x_wconf 84' lang='lat' dir='ltr'>malo</span> <span class='ocrx_word' id='word_1_192' title='bbox 726 3109 895 3194; x_wconf 86' lang='lat' dir='ltr'>suspendit</span> <span class='ocrx_word' id='word_1_193' title='bbox 911 3111 952 3174; x_wconf 87' lang='lat' dir='ltr'>ab</span> <span class='ocrx_word' id='word_1_194' title='bbox 969 3110 1044 3174; x_wconf 92' lang='lat' dir='ltr'>alt0.</span> 
     </span>
     <span class='ocr_line' id='line_1_28' title="bbox 231 3213 1293 3298; baseline 0.002 -20"><span class='ocrx_word' id='word_1_195' title='bbox 231 3213 415 3278; x_wconf 77' lang='lat' dir='ltr'>Convenere</span> <span class='ocrx_word' id='word_1_196' title='bbox 432 3213 500 3297; x_wconf 90' lang='lat' dir='ltr'>viri,</span> <span class='ocrx_word' id='word_1_197' title='bbox 518 3213 742 3298; x_wconf 89' lang='lat' dir='ltr'>dejectamque</span> <span class='ocrx_word' id='word_1_198' title='bbox 758 3235 851 3279; x_wconf 85' lang='lat' dir='ltr'>aerea</span> <span class='ocrx_word' id='word_1_199' title='bbox 866 3223 985 3280; x_wconf 89' lang='lat' dir='ltr'>sortem</span> <span class='ocrx_word' id='word_1_200' title='bbox 1226 3215 1293 3282; x_wconf 83' lang='lat'>490</span> 
     </span>
     <span class='ocr_line' id='line_1_29' title="bbox 230 3317 1010 3402; baseline 0.003 -20"><span class='ocrx_word' id='word_1_201' title='bbox 230 3318 371 3402; x_wconf 89' lang='lat' dir='ltr'>Accepit</span> <span class='ocrx_word' id='word_1_202' title='bbox 386 3318 478 3402; x_wconf 85' lang='lat' dir='ltr'>galea</span> <span class='ocrx_word' id='word_1_203' title='bbox 492 3338 501 3399; x_wconf 92' lang='lat'>;</span> <span class='ocrx_word' id='word_1_204' title='bbox 526 3325 559 3382; x_wconf 95' lang='lat' dir='ltr'>et</span> <span class='ocrx_word' id='word_1_205' title='bbox 575 3317 700 3402; x_wconf 90' lang='lat' dir='ltr'>primus</span> <span class='ocrx_word' id='word_1_206' title='bbox 716 3319 853 3383; x_wconf 89' lang='lat' dir='ltr'>clamore</span> <span class='ocrx_word' id='word_1_207' title='bbox 870 3319 1010 3384; x_wconf 88' lang='lat' dir='ltr'>secundo</span> 
     </span>
     <span class='ocr_line' id='line_1_30' title="bbox 218 3422 1113 3509; baseline 0.004 -25"><span class='ocrx_word' id='word_1_208' title='bbox 218 3422 430 3506; x_wconf 83' lang='lat' dir='ltr'>Hyrtacidae</span> <span class='ocrx_word' id='word_1_209' title='bbox 446 3430 524 3487; x_wconf 90' lang='lat' dir='ltr'>ante</span> <span class='ocrx_word' id='word_1_210' title='bbox 540 3443 651 3488; x_wconf 91' lang='lat' dir='ltr'>omnes</span> <span class='ocrx_word' id='word_1_211' title='bbox 668 3423 737 3487; x_wconf 91' lang='lat' dir='ltr'>exit</span> <span class='ocrx_word' id='word_1_212' title='bbox 752 3423 842 3488; x_wconf 90' lang='lat' dir='ltr'>locus</span> <span class='ocrx_word' id='word_1_213' title='bbox 858 3423 1113 3509; x_wconf 88' lang='lat' dir='ltr'>Hippocoontis;</span> 
     </span>
     <span class='ocr_line' id='line_1_31' title="bbox 230 3523 1089 3604; baseline 0.002 -16"><span class='ocrx_word' id='word_1_214' title='bbox 230 3525 336 3604; x_wconf 82' lang='lat' dir='ltr'>Quem</span> <span class='ocrx_word' id='word_1_215' title='bbox 352 3525 447 3589; x_wconf 90' lang='lat' dir='ltr'>modo</span> <span class='ocrx_word' id='word_1_216' title='bbox 463 3525 571 3589; x_wconf 89' lang='lat' dir='ltr'>navali</span> <span class='ocrx_word' id='word_1_217' title='bbox 587 3523 779 3590; x_wconf 88' lang='lat' dir='ltr'>Mnestheus</span> <span class='ocrx_word' id='word_1_218' title='bbox 794 3527 969 3590; x_wconf 87' lang='lat' dir='ltr'>certamine</span> <span class='ocrx_word' id='word_1_219' title='bbox 986 3526 1089 3590; x_wconf 87' lang='lat' dir='ltr'>victor</span> 
     </span>
     <span class='ocr_line' id='line_1_32' title="bbox 230 3629 1053 3713; baseline 0.005 -19"><span class='ocrx_word' id='word_1_220' title='bbox 230 3629 457 3713; x_wconf 79' lang='lat' dir='ltr'>Consequitur,</span> <span class='ocrx_word' id='word_1_221' title='bbox 475 3630 570 3694; x_wconf 86' lang='lat' dir='ltr'>viridi</span> <span class='ocrx_word' id='word_1_222' title='bbox 586 3629 779 3696; x_wconf 88' lang='lat' dir='ltr'>Mnestheus</span> <span class='ocrx_word' id='word_1_223' title='bbox 795 3631 944 3696; x_wconf 86' lang='lat' dir='ltr'>evinctus</span> <span class='ocrx_word' id='word_1_224' title='bbox 959 3631 1053 3699; x_wconf 88' lang='lat' dir='ltr'>oliva.</span> 
     </span>
     <span class='ocr_line' id='line_1_33' title="bbox 229 3713 1305 3819; baseline 0.007 -23"><span class='ocrx_word' id='word_1_225' title='bbox 229 3719 360 3798; x_wconf 80' lang='lat' dir='ltr'>Tertius</span> <span class='ocrx_word' id='word_1_226' title='bbox 376 3713 550 3819; x_wconf 84' lang='lat' dir='ltr'>Eurytion,</span> <span class='ocrx_word' id='word_1_227' title='bbox 567 3741 655 3817; x_wconf 89' lang='lat' dir='ltr'>tuus,</span> <span class='ocrx_word' id='word_1_228' title='bbox 673 3756 691 3799; x_wconf 93' lang='lat'>0</span> <span class='ocrx_word' id='word_1_229' title='bbox 708 3735 891 3817; x_wconf 82' lang='lat' dir='ltr'>clarissime,</span> <span class='ocrx_word' id='word_1_230' title='bbox 908 3735 1019 3818; x_wconf 87' lang='lat' dir='ltr'>frater,</span> <span class='ocrx_word' id='word_1_231' title='bbox 1224 3736 1305 3804; x_wconf 84' lang='lat'>495·</span> 
     </span>
     <span class='ocr_line' id='line_1_34' title="bbox 230 3838 1125 3924; baseline 0.001 -20"><span class='ocrx_word' id='word_1_232' title='bbox 230 3839 388 3922; x_wconf 88' lang='lat' dir='ltr'>Pandare,</span> <span class='ocrx_word' id='word_1_233' title='bbox 406 3838 462 3922; x_wconf 89' lang='lat' dir='ltr'>qui</span> <span class='ocrx_word' id='word_1_234' title='bbox 478 3839 653 3922; x_wconf 87' lang='lat' dir='ltr'>quondam,</span> <span class='ocrx_word' id='word_1_235' title='bbox 666 3839 776 3924; x_wconf 87' lang='lat' dir='ltr'>jussus</span> <span class='ocrx_word' id='word_1_236' title='bbox 792 3840 987 3905; x_wconf 86' lang='lat' dir='ltr'>confundere</span> <span class='ocrx_word' id='word_1_237' title='bbox 1000 3839 1125 3924; x_wconf 87' lang='lat' dir='ltr'>foedus,</span> 
     </span>
     <span class='ocr_line' id='line_1_35' title="bbox 230 3941 996 4028; baseline 0.014 -24"><span class='ocrx_word' id='word_1_238' title='bbox 230 3943 270 4005; x_wconf 92' lang='lat' dir='ltr'>ln</span> <span class='ocrx_word' id='word_1_239' title='bbox 287 3941 410 4005; x_wconf 86' lang='lat' dir='ltr'>medios</span> <span class='ocrx_word' id='word_1_240' title='bbox 425 3942 533 4005; x_wconf 85' lang='lat' dir='ltr'>telum</span> <span class='ocrx_word' id='word_1_241' title='bbox 548 3942 674 4006; x_wconf 86' lang='lat' dir='ltr'>torsisti</span> <span class='ocrx_word' id='word_1_242' title='bbox 689 3943 812 4028; x_wconf 88' lang='lat' dir='ltr'>primus</span> <span class='ocrx_word' id='word_1_243' title='bbox 829 3945 972 4010; x_wconf 88' lang='lat' dir='ltr'>Achivos</span> <span class='ocrx_word' id='word_1_244' title='bbox 988 3965 996 4015; x_wconf 70' lang='lat' dir='ltr'><strong><em>z</em></strong></span> 
     </span>
    </p>
   </div>
   <div class='ocr_carea' id='block_1_6' title="bbox 0 0 1454 4518">
    <p class='ocr_par' dir='ltr' id='par_1_13' title="bbox 0 0 1454 4518">
     <span class='ocr_line' id='line_1_36' title="bbox 0 0 1454 4518; baseline 0 1"><span class='ocrx_word' id='word_1_245' title='bbox 0 0 1454 4518; x_wconf 95' lang='lat' dir='ltr'> </span> 
     </span>
    </p>
   </div>
  </div>
 </body>
</html>
