2898 4518
484 290 655 350 susurros
678 303 743 351 nrs.
768 303 840 350 v111.
1134 282 1193 346 18]

136 463 370 548 Hylaeumque
387 461 605 547 Pholumque,
623 483 734 545 manu,
750 468 791 526 tu
807 460 917 527 Oresio
932 465 1058 524 mactas

135 567 294 654 Prodigia
310 573 343 630 et
360 573 493 631 vastum
510 565 635 630 Nemea
651 565 711 630 sub
727 587 806 650 rupe
822 565 960 647 leonem,
1133 561 1200 629 295

136 673 186 736 'I'e
206 671 316 756 Stygii
331 679 491 735 tremuere
505 671 607 754 lacus,
624 677 658 734 te
670 668 794 754 janitor
812 668 889 734 Oroi

139 776 225 842 Ossa
241 795 339 859 super
353 773 511 838 recubans
525 780 621 838 antro
637 773 772 836 semiesa
788 780 929 838 cruento.

53 911 56 918 ·
138 881 170 944 N
171 903 207 944 00
225 887 259 943 te
277 879 362 942 ullae
377 877 486 961 facies,
502 891 568 942 'non
584 878 700 942 terruit
716 877 784 962 ipse
802 877 987 962 Typhoeus,

139 986 275 1049 Arduus
290 1005 381 1048 arma
396 990 523 1065 tenens,
541 1005 607 1048 non
624 991 656 1048 te
673 983 806 1047 rationis
822 991 972 1067 egentem

139 1089 306 1153 Lernaeus
322 1088 420 1152 turba
436 1087 582 1172 capitum
599 1087 817 1152 circumstetit
833 1086 958 1172 anguis.
1133 1087 1199 1154 300

139 1195 248 1274 Salve,
266 1215 342 1256 vera
357 1192 381 1256 J
384 1192 451 1257 ovis
467 1193 582 1277 proles,
600 1193 697 1257 decus
713 1191 824 1256 addite
836 1191 928 1275 divis,

139 1301 184 1366 Et
200 1322 260 1364 nos
276 1306 311 1363 et
326 1306 385 1363 tua
400 1299 514 1363 dexter
529 1298 584 1362 adi
600 1299 681 1382 pede
698 1319 788 1362 sacra
804 1299 952 1364 secundo.

138 1405 235 1469 Talia
252 1402 449 1468 carminibus
465 1402 646 1482 celebrant3
672 1402 891 1487 superomnia
908 1402 986 1468 Caci

141 1511 340 1596 Speluncam
355 1507 515 1592 adjiciunt
531 1506 774 1592 spirantemque
789 1507 919 1592 ignibus
934 1509 1051 1594 ipsum.

140 1616 308 1681 Consonat
323 1635 416 1678 omne
432 1634 547 1678 nemus
564 1613 715 1698 strepitu,
732 1614 890 1698 collesque
907 1615 1077 1680 resultant.
1115 1681 1118 1688 ,
1134 1614 1200 1679 305

208 1720 299 1784 Exin
317 1740 350 1784 se
366 1718 480 1784 cuncti
495 1717 613 1782 divinis
629 1719 724 1782 rebus
740 1719 782 1784 ad
797 1719 911 1784 urbem
940 1785 951 1802 ‚

140 1825 297 1889 Perfeetis
312 1824 464 1890 referunt
511 1823 587 1888 Ibat
603 1844 660 1886 rex
675 1823 799 1888 obsitus
815 1845 902 1906 aevo,

140 1930 187 1994 Et
203 1929 357 1994 comitem
373 1927 510 1992 Aenean
523 1927 621 2012 juxta
636 1937 815 2012 natumque
831 1929 964 1992 tenebat

141 2033 340 2119 Ingrediens,
357 2033 510 2116 varioque
526 2033 615 2096 riam
632 2053 775 2097 sermone
789 2032 930 2098 levabat.

142 2139 285 2202 Miratur
299 2137 475 2222 facilesque
491 2137 599 2202 oculos
613 2137 677 2201 fert
694 2135 803 2202 omnia
818 2137 940 2200 circum
1135 2137 1201 2200 310

142 2243 285 2326 Aeneas,
303 2243 494 2326 capiturque
510 2242 597 2326 locis,
615 2249 648 2306 et
664 2242 793 2328 singula
808 2242 915 2306 laetus

142 2347 362 2432 Exquiritque
378 2347 534 2431 auditque
549 2347 655 2430 virum
671 2354 885 2412 monumenta
900 2346 1051 2432 priorum.

144 2453 233 2518 Tum
250 2472 307 2514 rex
323 2451 504 2534 Evandrus,
522 2451 689 2516 Romanae
705 2452 850 2516 conditor
866 2452 965 2518 arcis:

143 2557 164 2588 “
178 2556 270 2620 Haec
287 2577 415 2621 nemora
431 2557 603 2642 indigenae
619 2557 728 2622 Fauni
743 2557 970 2642 nymphaeque
987 2557 1153 2641 tenebant,

143 2661 164 2693 “
180 2661 334 2745 Gensque
350 2661 457 2724 virum
473 2661 598 2727 truncis
614 2669 648 2726 et
662 2663 741 2727 duro
758 2663 866 2728 robore
881 2671 970 2746 nata,
1137 2663 1202 2728 315

135 2765 166 2849 ,“
181 2766 260 2847 Quis
276 2787 380 2850 neque
396 2789 465 2834 mos
481 2789 586 2852 neque
602 2769 710 2833 cultus
727 2776 807 2852 erat,
824 2790 883 2834 nec
895 2769 1032 2855 jungere
1048 2775 1159 2834 tauros

144 2869 166 2904 “
180 2871 253 2936 Aut
269 2892 460 2956 componere
477 2894 552 2958 opes
568 2881 696 2956 norant,
714 2881 773 2937 aut
789 2895 917 2958 parcere
930 2883 1023 2958 parto
1037 2893 1046 2955 ;

144 2977 165 3008 ‘⁴
180 2977 242 3042 Sed
260 2977 344 3041 rami
359 2985 458 3062 atque
474 2998 568 3063 asper
583 2978 674 3043 victu
689 2987 827 3042 venatus
843 2980 959 3068 alebat.

144 3081 314 3146 “Primus
330 3083 372 3146 ab
389 3082 532 3148 aetherio
548 3083 637 3147 venit
655 3078 817 3149 Saturnus
837 3082 989 3168 Olympo,

144 3186 282 3250 “Arma
298 3186 391 3252 Jovis
402 3186 531 3273 fugiens
547 3196 580 3252 et
597 3187 701 3274 regnis
718 3189 811 3252 exsul
826 3186 986 3252 ademtis:
1139 3186 1205 3249 320

144 3290 217 3354 “Is
233 3312 335 3376 genus
350 3291 488 3356 indocile
504 3313 541 3356 00
558 3292 740 3377 dispersum
756 3292 922 3356 montibus
939 3289 1014 3355 altis

144 3394 167 3427 “
183 3394 385 3480 Composuit,
402 3396 552 3480 legesque
567 3396 670 3479 dedit,
688 3397 887 3479 Latiumque
903 3393 1010 3458 vocari

144 3498 166 3530 “
182 3500 311 3582 Maluit,
329 3499 380 3564 his
396 3499 550 3584 quoniam
564 3499 716 3564 latuisset
733 3508 828 3564 tutus
843 3499 878 3563 in
894 3499 964 3564 oris.

144 3602 288 3668 “Aurea
306 3599 391 3688 qua'e
406 3603 587 3689 perhibent,
604 3605 660 3668 illo
675 3606 735 3669 sub
752 3624 824 3689 rege
840 3603 928 3667 fuere

145 3705 167 3740 “
181 3709 340 3774 Saecula:
367 3709 412 3772 sio
428 3708 558 3793 placida
574 3709 710 3795 populos
726 3708 761 3772 in
776 3730 856 3794 pace
872 3708 1015 3793 regebat,

146 3810 332 3878 “Deterior
347 3812 449 3877 donec
465 3812 637 3896 paullatim
653 3834 691 3876 ac
708 3813 832 3877 decolor
847 3821 939 3878 aetas

146 3915 167 3949 “
178 3919 223 3984 Et
239 3917 321 3984 belli
339 3915 442 3980 rabies
459 3924 493 3981 et
510 3937 598 3981 amor
614 3917 769 3982 successit
785 3917 936 3984 habendi.
1055 3950 1057 3956 ¹
