2944 4522
513 316 769 388 arumnorum.
796 339 843 388 rx.
1149 319 1217 390 207

152 495 340 564 “Tantum
354 497 519 563 infelicem
532 498 672 564 nimium
687 499 803 565 dilexit
819 498 993 566 amicum.”
1150 498 1218 565 430

152 601 250 668 Talia
266 602 357 668 diota
371 603 493 686 dabat3
518 605 574 669 sed
589 604 712 670 viribus
728 604 813 670 ensis
829 606 967 670 adactus
1059 691 1062 698 Ι

153 707 347 774 Transabiit
364 717 480 794 costas,
499 716 533 774 et
549 709 689 775 candida
704 718 834 795 pectora
851 711 983 798 rumpit.

152 813 312 880 Volvitur
326 815 489 900 Euryalus
504 816 582 900 leto,
599 816 813 901 pulchrosque
828 839 887 904 per
902 825 994 882 artus

152 919 188 984 It
205 941 311 1005 cruor,
329 919 428 1005 inque
443 921 595 986 humeros
610 921 717 985 cervix
734 921 876 1006 collapsa
891 921 1071 989 recumbit:

153 1025 346 1112 Purpureus
361 1027 465 1091 veluti
479 1047 585 1111 quum
598 1025 668 1110 flos,
685 1025 829 1092 sueciam
844 1035 961 1111 aratro,
1149 1026 1217 1094 435

152 1131 356 1218 Languescit
370 1131 518 1214 moriens,
535 1131 659 1197 lassove
675 1152 840 1216 papavera
855 1131 937 1196 collo

154 1235 323 1302 Demisere
339 1243 451 1322 caput,
468 1235 582 1321 pluvia
597 1256 700 1320 quum
715 1235 798 1300 forte
814 1242 1000 1321 gravantur.

153 1341 204 1406 At
219 1341 324 1407 Nisus
339 1341 406 1407 ruit
422 1341 458 1406 in
473 1341 605 1424 medios,
625 1341 797 1426 solumque
812 1361 869 1426 per
884 1362 996 1406 omnes

154 1446 372 1522 Volscentem
387 1445 482 1532 petit,
499 1445 535 1510 in
551 1446 617 1511 solo
634 1444 809 1510 Volscente
825 1453 978 1512 moratur.
1151 1445 1216 1514 439

155 1551 267 1632 Quem
282 1549 406 1615 circum
420 1549 593 1636 glomerati
608 1549 717 1614 hostes
732 1549 810 1613 hinc
826 1550 1008 1616 comminus
1023 1558 1123 1637 atque
1139 1550 1217 1616 hinc

156 1656 370 1723 Proturbant.
417 1655 527 1722 Instat
542 1677 608 1721 non
623 1655 726 1721 secius
742 1677 779 1721 ac
795 1664 883 1722 rotat
898 1679 1011 1723 ensem
1147 1654 1213 1721 441

155 1761 381 1845 Fulmineum,
399 1762 500 1826 donec
516 1760 636 1825 Rutuli
651 1760 827 1826 clamantis
843 1761 878 1825 in
896 1783 949 1826 ore

157 1865 314 1932 Condidit
329 1866 472 1948 adverso,
490 1871 524 1929 et
541 1864 679 1930 moriens
694 1864 840 1930 animam
856 1865 995 1931 abstulit
1010 1865 1105 1931 hosti.

158 1970 248 2035 Tum
264 1990 360 2055 super
374 1969 564 2034 exanimum
580 1989 647 2034 sese
663 1969 798 2054 projecit
813 1969 959 2034 amicum

158 2076 346 2160 Confessus,
363 2075 557 2161 placidaque
573 2075 621 2140 ibi
636 2075 770 2140 demum
785 2083 890 2140 morte
906 2073 1039 2160 quievit.
1152 2073 1218 2142 445

158 2181 336 2247 Fortunati
352 2180 466 2246 embol
492 2179 520 2245 si
535 2179 615 2264 quid
630 2201 704 2244 mea
720 2179 865 2245 earmina
881 2186 1028 2265 possunt,

159 2286 263 2350 Nulla
278 2285 347 2351 dies
362 2305 522 2370 umquam
536 2284 673 2350 memori
689 2305 744 2349 vos
760 2283 881 2348 eximet
898 2306 987 2369 aevo,

160 2389 253 2453 Dum
268 2390 382 2454 domus
398 2381 529 2453 Aeneae
547 2386 690 2473 Capitoli
704 2387 871 2452 immobile
887 2409 1005 2454 saxum

159 2494 308 2578 Accolet,
324 2493 563 2579 imperiumque
580 2500 675 2578 pater
690 2492 857 2558 Romanus
873 2495 1017 2564 habebit.

227 2600 377 2666 Victores
394 2599 516 2686 praeda
531 2597 651 2663 Rutuli
666 2598 841 2683 spoliisque
856 2601 965 2685 potiti,
1153 2602 1220 2670 450

161 2707 373 2772 Volscentem
389 2703 579 2769 exanimum
594 2703 711 2768 flentes
726 2704 760 2768 in
777 2712 884 2769 castra
898 2706 1054 2775 ferebant.

160 2811 231 2876 Nec
248 2810 355 2876 minor
370 2809 405 2873 in
421 2807 536 2873 castris
551 2807 673 2891 luctus,
691 2807 876 2874 Rhamnete
892 2819 1019 2896 reperto

160 2915 343 3002 Exsangui‚
361 2923 395 2979 et
411 2913 525 2999 primis
540 2933 608 2977 una
623 2919 675 2978 tot
691 2914 789 2978 caede
804 2916 970 3001 peremtis,

162 3021 361 3105 Serranoque
377 3019 571 3104 Numaque:
596 3018 709 3104 ingens
725 3040 899 3085 concursus
914 3023 956 3086 ad
972 3021 1044 3107 ipsa

162 3125 305 3212 Corpore
321 3125 561 3208 seminecesque
575 3122 668 3206 viros,
686 3124 863 3209 tepidaque
879 3134 1042 3190 recentem

162 3230 269 3297 Caede
285 3231 393 3296 locum
410 3237 444 3295 ct
459 3230 555 3314 pleno
570 3237 760 3314 spumantes
776 3231 933 3313 sanguine
950 3230 1042 3296 rivos.

161 3336 355 3422 Agnoscunt
372 3334 474 3420 spolia
488 3333 574 3399 inter
589 3355 622 3398 se
637 3333 828 3418 galeamque
843 3334 1007 3398 nitentem

161 3439 315 3525 Messapi,
332 3445 366 3502 et
381 3437 487 3502 multo
503 3437 651 3523 phaleras
667 3439 781 3503 sudore
798 3444 954 3522 receptas.

160 3543 207 3608 Et
219 3543 291 3628 jam
307 3541 413 3628 prima
428 3563 509 3607 novo
525 3542 698 3627 spargebat
713 3539 838 3605 lumine
854 3548 957 3606 terras

163 3648 297 3715 Tithoni
313 3666 462 3711 croceum
476 3646 627 3731 linquens
643 3645 773 3710 Aurora
789 3645 917 3711 cubile:
1156 3647 1223 3715 460

160 3754 240 3820 lam
256 3751 325 3818 sole
340 3749 456 3834 infuso,
470 3750 541 3835 jam
557 3751 652 3815 rebus
666 3749 740 3815 luce
756 3748 898 3833 retectis,

161 3858 297 3923 Turnus
313 3852 352 3916 in
366 3873 455 3917 arma
469 3854 563 3937 viros,
580 3853 679 3919 armis
695 3852 916 3919 circumdatus
931 3857 1012 3941 ipse,

159 3960 324 4039 Suscitat,
341 3963 531 4042 aeratasque
547 3957 631 4023 acies
646 3957 683 4023 in
697 3957 818 4044 proelia
833 3958 921 4044 cogit
