2838 4522
265 311 309 382 78
624 331 795 379 nnuuruos
818 333 882 380 nra.
907 331 954 381 rv.

261 491 325 560 Oui
340 513 374 557 se
390 491 527 578 pulchra
541 491 610 558 viro
625 491 781 578 dignetur
791 492 927 579 jungere
944 491 1051 574 Dido;

261 597 358 662 Nunc
375 596 519 661 hiemem
532 597 620 661 inter
635 617 668 662 se
683 587 776 680 luxu',
792 619 893 682 quam
909 597 1015 682 longa,
1031 596 1148 680 fovere,

261 702 448 788 Regnorum
462 702 664 766 immemores
680 703 835 786 turpique
851 702 1003 786 cupidine
1019 709 1140 787 captos.

261 807 350 874 Haec
367 807 490 893 passim
506 807 567 871 dea
580 805 675 872 foeda
690 806 797 870 virum
811 806 968 872 diffundit
983 807 1018 870 in
1033 828 1095 872 ora.
1256 807 1322 872 195
1415 803 1416 806 ’

261 912 422 978 Protenus
437 912 480 977 ad
495 932 604 997 regem
619 931 732 976 cursus
748 912 920 996 detorquet
936 912 1068 994 Iarban,
1415 907 1416 912 ’

260 1016 476 1100 Incenditque
492 1014 642 1079 animum
656 1013 755 1080 dictis
770 1022 870 1099 atque
886 1023 1020 1100 aggerat
1035 1015 1106 1080 iras.

260 1121 324 1186 Hic
341 1121 503 1186 Ammona
520 1127 621 1203 satus,
638 1126 733 1204 rapta
749 1118 984 1184 Garamantide
1001 1119 1168 1204 Nympha,

260 1227 399 1312 Templa
414 1225 438 1291 J
440 1225 492 1291 ovi
506 1232 640 1290 centum
654 1224 733 1290 latis
748 1224 906 1288 immania
922 1225 1029 1309 regnis

261 1330 404 1397 (lentum
420 1353 491 1396 aras
506 1330 616 1416 posuit
630 1349 639 1412 ;
664 1329 863 1415 vigilemque
879 1339 1061 1395 sacraverat
1077 1330 1198 1416 ignem,
1254 1329 1325 1392 200

261 1435 425 1500 Excubiae
440 1435 555 1499 divum
570 1441 718 1498 aeternas
734 1453 743 1516 ;
767 1433 997 1519 pecudumque
1012 1453 1124 1498 cruore

262 1539 389 1625 Pingue
405 1540 510 1604 solum
525 1547 559 1604 et
575 1538 672 1603 variis
687 1538 835 1603 florentia
856 1538 972 1602 limina
992 1537 1094 1604 sertis.

260 1643 359 1729 Isque
375 1663 489 1708 amens
504 1641 607 1708 animi
623 1649 656 1707 et
673 1663 799 1707 rumore
815 1663 968 1707 accensus
984 1663 1094 1707 amaro

261 1747 395 1812 Dicitur
410 1756 487 1812 ante
503 1767 575 1811 aras
590 1747 699 1812 media
714 1746 800 1811 inter
815 1747 951 1810 numina
966 1746 1081 1811 dirum

260 1851 370 1916 Multa
385 1851 409 1917 J
411 1873 505 1916 ovem
520 1851 673 1916 manibus
688 1852 828 1937 supplex
843 1873 947 1917 orasse
963 1852 1105 1937 supinis:
1255 1852 1326 1918 205

261 1955 282 1988 “
293 1955 427 2041 Jupiter
443 1956 656 2041 omnipotens,
673 1957 727 2021 oui
743 1977 830 2021 nunc
846 1955 1015 2021 Maurusia
1029 1955 1126 2042 pictis

261 2062 386 2129 “Gens
401 2065 535 2148 epulata
550 2064 811 2130 toris-Lenaeum
825 2065 908 2130 libat
923 2065 1087 2148 honorem,

261 2167 445 2254 “Adspicis
461 2169 569 2236 haec?
594 2191 637 2234 an
652 2177 696 2253 te,
714 2169 849 2255 genitor,
867 2191 970 2254 quum
985 2169 1123 2233 fulmina
1136 2176 1284 2254 torques,

261 2272 530 2358 “Nequidquam
546 2273 722 2358 horremus,
739 2274 889 2359 caecique
905 2275 939 2338 in
954 2273 1095 2339 nubibus
1106 2274 1200 2359 ignes

261 2378 281 2410 “
296 2378 489 2443 Terrilieant
505 2378 631 2443 animos
647 2385 680 2444 ct
695 2378 806 2443 inania
821 2399 990 2443 murmura
1004 2379 1174 2444 miscent?
1255 2381 1328 2442 210

261 2483 282 2516 “
297 2483 445 2567 Femina,
462 2503 545 2568 quae
561 2483 679 2548 nostris
694 2504 804 2547 errans
819 2483 853 2546 in
868 2482 989 2548 finibus
1004 2483 1119 2548 urbem

262 2587 457 2672 “Exiguam
472 2587 576 2672 pretio
591 2587 710 2673 posuit,
727 2587 781 2652 cui
796 2587 876 2652 litus
892 2588 1062 2672 arandum,

262 2691 424 2776 “Cuique
439 2691 502 2756 loci
516 2691 609 2777 leges
619 2692 778 2776 dedimus,
797 2692 958 2757 connubia
973 2699 1084 2758 nostra

263 2796 284 2830 “
298 2796 444 2881 Repulit,
461 2819 498 2862 ac
514 2797 684 2862 dominum
700 2796 837 2862 Aenean
852 2797 887 2862 iu
903 2819 1002 2884 regna
1017 2798 1147 2883 recepit.

263 2899 282 2931 “
295 2900 342 2964 Et
357 2921 442 2964 nunc
459 2900 513 2965 ille
530 2900 620 2965 Paris
637 2921 713 2965 cum
728 2901 875 2966 semiviro
891 2903 1061 2986 comitatu,
1255 2904 1327 2970 215

262 3002 284 3038 “
297 3004 449 3069 Maeonia
463 3012 614 3070 mentum
629 3005 728 3070 mitra
743 3005 928 3092 crinemque
943 3008 1133 3072 madentem

262 3107 283 3138 “
296 3107 471 3192 Subnixus,
489 3121 582 3193 rapto
598 3108 724 3192 potitur
733 3128 743 3192 3
766 3129 824 3174 nos
841 3131 976 3174 munera
991 3110 1122 3196 templis

263 3210 283 3244 “
299 3211 429 3296 Quippe
444 3211 511 3276 tuis
527 3211 672 3297 ferimus,
688 3212 875 3299 famamque
890 3214 1035 3280 fovemus
1051 3215 1183 3280 inanem
1198 3220 1207 3284 l
1220 3218 1240 3244 ”

143 3335 147 3344 ·
262 3315 398 3381 Talibus
413 3323 561 3381 orantem
576 3316 672 3382 dictis
687 3339 825 3404 arasque
840 3326 1009 3384 tenentem

262 3419 380 3483 Audiit
396 3420 609 3505 omnipotens,
625 3422 797 3506 oculosque
812 3423 855 3488 ad
870 3423 998 3488 moenia
1013 3422 1109 3488 torsit
1255 3426 1331 3489 220

262 3523 366 3608 Regia
381 3531 415 3588 et
430 3525 546 3590 oblitos
561 3526 667 3591 famae
682 3527 820 3593 melioris
837 3536 993 3594 amentes.

263 3625 351 3690 Tum
368 3625 413 3690 sic
430 3626 626 3693 Mercurium
641 3629 818 3714 alloquitur
833 3652 871 3695 ac
887 3632 967 3696 talia
983 3633 1140 3700 mandat:

264 3729 393 3794 “Vade
408 3751 477 3815 age,
494 3739 582 3817 nate,
598 3754 677 3798 voca
693 3734 855 3828 Zephyros
871 3744 905 3800 et
920 3737 1027 3802 labere
1042 3739 1171 3824 pennis,

264 3836 567 3924 “Dardaniumque
581 3841 709 3926 ducem,
727 3843 826 3928 Tyria
842 3844 1040 3932 Carthagine
1055 3847 1114 3932 qui
1128 3869 1219 3913 nunc

264 3941 478 4028 “Exspectat
492 3942 633 4029 fatisque
648 3947 743 4012 datas
758 3969 823 4012 non
838 3949 969 4034 respicit
984 3951 1090 4037 urbes,
1256 3955 1332 4024 225
