2898 4518
256 331 298 398 86
613 346 783 394 nnunmos
806 343 871 393 nra.
897 345 943 393 rv.

254 507 429 592 Multaque
446 513 611 594 praeterea
627 513 745 572 vatum
760 504 927 592 praedicta
944 504 1086 590 priorum

254 612 404 678 Terribili
418 612 547 678 monitu
562 611 757 678 horrificant.
805 609 887 696 Agit
903 610 971 695 ipse
987 609 1150 674 furentem
1255 605 1322 672 465

253 717 294 782 In
310 717 431 784 somnis
445 716 533 786 fuas
548 716 687 800 Aeneas,
702 736 894 801 semperque
910 714 1050 798 relinqui

254 821 330 887 Sola
346 819 417 904 sibi,
435 840 562 904 semper
575 819 707 903 longam
722 817 919 883 incomitata
933 817 1065 883 videtur
1141 847 1147 860 ·

253 923 304 990 Ire
319 925 406 990 viam
422 932 456 990 et
473 923 587 1010 Tyrios
603 925 733 989 deserta
749 944 902 1009 quaerere
918 931 1023 989 terra:

252 1029 475 1096 Eumenidum
489 1029 594 1094 veluti
609 1030 743 1095 demens
759 1028 850 1094 videt
866 1028 999 1114 agmina
1015 1026 1197 1110 Pentheus,

252 1135 299 1200 Et
316 1135 416 1201 solem
427 1134 595 1221 geminum
611 1141 644 1198 et
660 1134 808 1219 duplices
825 1153 859 1199 se
876 1133 1046 1198 ostendere
1063 1131 1195 1197 Thebas
1206 1151 1216 1213 3
1253 1127 1321 1198 470
1438 1152 1440 1175 ¹

253 1238 325 1304 Aut
341 1238 620 1325 Agamemnonius
637 1239 739 1304 scenis
754 1238 901 1324 agitatus
919 1236 1062 1322 Orestes,

253 1341 430 1408 Armatam
445 1342 572 1408 facibus
587 1350 727 1407 matrem
743 1349 777 1408 et
793 1341 998 1428 serpentibus
1014 1340 1094 1406 atris

254 1445 363 1527 Quum
377 1445 474 1532 fugit,
491 1446 688 1531 ultricesque
704 1445 819 1512 seden't
836 1445 872 1510 in
886 1445 1000 1512 limine
1017 1445 1126 1512 Dirae.

253 1550 339 1636 Ergo
354 1551 413 1616 ubi
427 1551 576 1637 concepit
591 1551 702 1636 furias,
719 1551 826 1616 evicta
842 1551 962 1634 dolore,

254 1655 471 1742 Decrevitque
496 1656 593 1741 mori,
615 1664 748 1742 tempus
764 1677 875 1721 secum
891 1655 964 1742 ipsa
979 1655 1182 1740 modumque
1251 1652 1320 1722 475

253 1759 368 1846 Exigit
384 1767 429 1845 et,
446 1767 607 1826 maestam
622 1761 720 1826 dictis
736 1783 887 1847 aggressa
903 1782 1053 1845 sororem,

254 1862 435 1929 Consilium
449 1864 548 1928 vultu
562 1864 648 1950 tegit
664 1886 701 1929 ao
718 1886 811 1950 spem
826 1865 932 1930 fronte
948 1871 1097 1932 serenat:

254 1967 274 1998 “
287 1966 414 2051 Inveni,
431 1989 595 2053 germana,
612 1968 847 2054 viam-gratare
863 1968 986 2054 sorori,

254 2069 274 2102 “
289 2070 378 2152 Quae
393 2071 475 2136 mihi
490 2072 605 2137 reddat
622 2093 709 2156 eum,
727 2073 779 2138 vel
795 2093 833 2138 eo
848 2095 900 2138 me
916 2073 1021 2138 solvat
1036 2081 1217 2139 amantem.

255 2173 275 2206 “
289 2174 410 2241 Oceani
424 2175 523 2240 finem
534 2175 635 2261 juxta
651 2177 817 2263 solemque
832 2179 1007 2243 cadentem
1254 2176 1321 2244 480

255 2277 438 2344 “Ultimus
453 2279 657 2366 Aethiopum
671 2282 761 2346 locus
776 2288 838 2366 est,
855 2282 914 2348 ubi
928 2281 1092 2348 maximus
1107 2281 1207 2348 Atlas

255 2380 275 2412 “
285 2381 393 2446 Auem
407 2383 543 2448 humero
558 2391 691 2468 torquet
707 2385 810 2450 stellis
825 2386 1016 2452 ardentibus
1031 2393 1169 2486 aptum:

254 2484 274 2516 “
288 2485 375 2552 Hinc
391 2486 472 2552 mihi
488 2487 649 2574 Massylae
664 2490 772 2576 gentis
788 2497 972 2556 monstrata
987 2491 1144 2575 sacerdos,

255 2587 509 2675 “Hesperidum
525 2594 641 2680 templi
656 2601 776 2679 custos,
794 2596 973 2681 epulasque
989 2595 1123 2661 draconi

255 2691 378 2773 “Quae
394 2696 495 2762 dabat
510 2705 545 2762 et
561 2719 665 2764 sacros
680 2700 832 2766 servabat
848 2699 884 2764 in
899 2701 1011 2766 arbore
1027 2721 1144 2784 ramos,
1254 2699 1320 2766 485
1434 2764 1437 2775 ,

255 2795 276 2827 “
290 2797 449 2884 Spargens
464 2801 601 2868 humida
615 2804 714 2869 mella
730 2804 1005 2890 soporiferumque
1021 2825 1175 2890 papaver.

255 2899 276 2931 “
289 2900 379 2966 Haeo
396 2907 641 2978 secarminibus
656 2909 824 2994 promittit
840 2911 960 2976 solvere
975 2917 1115 2994 mentes,

257 3004 376 3084 “Quas
391 3009 479 3093 velit,
497 3019 549 3076 ast
564 3013 637 3078 aliis
653 3014 751 3079 duras
766 3014 946 3080 immittere
963 3037 1068 3100 curas,

256 3105 277 3138 “
292 3107 410 3175 Sistere
425 3133 546 3197 aquam
561 3115 669 3182 fluviis
685 3125 719 3182 et
736 3125 860 3184 vertere
876 3121 981 3186 sidera
996 3128 1092 3204 retro,

257 3208 277 3241 “
289 3211 537 3303 Nocturnosque
553 3219 618 3285 ciet
634 3220 770 3304 Manes;
794 3225 921 3310 mugire
936 3224 1062 3290 videbis
1255 3225 1319 3292 490

257 3313 278 3345 “
297 3315 364 3381 Sub
379 3320 515 3403 pedibus
530 3329 654 3390 terram
670 3333 704 3390 et
720 3327 913 3393 descendere
929 3329 1098 3395 montibus
1114 3351 1219 3396 ornos.

258 3416 277 3447 “
292 3417 417 3504 Testor,
434 3443 517 3509 cara,
534 3427 610 3492 daos
626 3436 660 3494 et
675 3437 720 3514 te,
738 3453 905 3517 germana,
924 3441 1084 3518 tuumque

177 3584 186 3602 ,
258 3519 277 3550 “
291 3520 395 3589 Dulce
411 3537 523 3613 caput,
538 3533 683 3618 magicas
698 3535 839 3600 invitam
855 3538 1019 3624 accingier
1034 3545 1130 3605 artes.

258 3619 280 3654 “
294 3623 346 3688 'Pu
362 3638 484 3694 secreta
498 3653 611 3716 pyram
627 3645 716 3704 tecto
731 3641 883 3707 interiore
900 3644 962 3708 sub
978 3664 1074 3708 auras

258 3723 280 3756 “
292 3725 398 3813 Erige,
415 3740 448 3796 et
463 3755 553 3799 arma
568 3738 638 3824 virr,
656 3742 805 3810 thalamo
821 3767 905 3830 quae
921 3747 989 3811 fixa
1004 3746 1138 3833 reliquit
1254 3748 1314 3816 495

259 3827 280 3860 “
292 3829 428 3917 Impius,
441 3837 636 3924 exuviasque
652 3866 762 3912 omnes
777 3849 968 3936 lectumque
980 3851 1140 3938 jugalem,

259 3931 364 4013 “Quo
379 3937 470 4022 perii,
488 3943 748 4030 superimponas:
774 3953 902 4020 abolere
917 3955 1052 4022 nefandi
