2898 4518
478 357 649 406 axnmuos
671 359 736 408 ms.
762 359 794 406 V.

105 520 284 588 Frontibus
300 528 335 587 et
351 521 450 606 longa
466 519 596 586 sulcant
611 520 696 584 rada
713 519 797 585 salsa
813 526 931 584 carina.

106 625 247 712 Jamque
263 625 532 712 propinquabant
549 625 680 712 scopulo
695 633 886 709 metamque
901 621 1071 706 tenebant,

108 731 191 798 Cum
206 731 363 818 princeps
378 729 551 814 medioque
569 728 660 814 Gyas
674 729 710 794 in
725 728 856 815 gurgite
872 729 977 795 victor
1106 727 1171 794 160

107 835 280 902 Rectorem
295 835 389 901 navis
405 835 581 920 compellat
598 856 675 900 voce
694 834 887 902 Menoeten:

109 941 212 1023 “Quo
227 950 366 1008 tantum
381 941 463 1006 mihi
478 942 594 1006 dexter
608 941 709 1007 abis?
757 941 834 1006 Huc
850 941 950 1028 dirige
966 945 1131 1028 gressuml

109 1047 239 1114 “Litus
255 1069 345 1132 ama,
362 1055 396 1112 et
411 1047 520 1112 laevas
535 1046 688 1133 stringat,
706 1047 786 1132 sine,
803 1047 951 1134 palmula
967 1055 1101 1130 cautes3

109 1153 263 1219 “Altum
279 1152 338 1218 alii
353 1159 487 1218 teneant
499 1158 507 1220 l
519 1154 539 1182 ”
585 1151 704 1237 Dixit;
729 1153 786 1218 sed
801 1173 898 1217 caeca
914 1151 1084 1218 Menoetes

109 1256 193 1322 Saxa
209 1257 345 1342 timens,
362 1277 491 1345 proram
506 1256 614 1343 pelagi
628 1257 803 1342 detorquet
819 1257 862 1322 ad
876 1257 991 1324 undas.
1106 1257 1172 1324 165

110 1361 130 1394 “
143 1362 381 1444 Quo-diversus
397 1362 466 1429 abis
480 1363 526 1429 ?’'
548 1362 561 1427 i
578 1383 671 1428 erum
688 1362 708 1395 “
721 1363 803 1428 Pete
820 1383 909 1448 saxa,
928 1361 1078 1428 Menoete
1090 1363 1127 1430 l”

110 1466 192 1532 (lum
209 1467 352 1532 clamore
369 1465 458 1552 Gyas
474 1467 657 1552 revocabat,
675 1473 708 1532 et
726 1487 799 1532 ecce
816 1467 1017 1534 Cloanthum

109 1571 259 1658 Respicit
272 1572 452 1637 instantem
468 1580 558 1658 tergo
574 1580 608 1638 et
623 1572 773 1659 propiora
788 1579 968 1640 tenentem.

109 1677 167 1742 Ille
181 1679 273 1744 inter
287 1698 470 1763 navemque
488 1677 579 1762 Gyae
596 1678 807 1764 scopulosque
823 1685 976 1745 sonantes

111 1781 210 1848 Radit
227 1783 295 1848 iter
309 1782 440 1847 laevum
455 1782 599 1868 interior,
616 1783 790 1869 subitoque
805 1784 946 1870 priorem
1104 1778 1171 1850 170

110 1887 285 1972 Praeterit,
302 1894 337 1952 et
352 1886 449 1952 metis
465 1893 555 1951 tenet
572 1909 712 1973 aequora
727 1895 804 1954 tuta
819 1887 950 1955 relictis.

110 1992 198 2058 Tum
213 2014 290 2058 vero
306 1992 428 2058 exarsit
439 1991 554 2077 juveni
569 1993 659 2058 dolor
674 1993 799 2058 ossibus
814 1993 938 2080 ingens,

110 2097 178 2162 Neo
186 2077 340 2163 lacrimis
356 2116 487 2162 caruere
502 2117 615 2181 genae,
633 2117 828 2183 segnemque
844 2096 1029 2180 Menoeten,

110 2201 243 2270 Oblitus
259 2203 445 2288 decorisque
461 2203 513 2268 sui
529 2201 718 2289 sociumque
735 2203 862 2287 salutis,
1000 2186 1011 2208 ⁶

110 2309 151 2374 In
166 2331 258 2375 mare
273 2309 486 2395 praecipitem
502 2309 607 2395 puppi
622 2309 778 2374 deturbat
794 2308 837 2373 ab
852 2309 921 2373 alta
936 2329 945 2392 ;
1109 2303 1152 2375 17
1153 2309 1174 2374 5

111 2415 186 2501 Ipse
204 2415 400 2500 gubernaclo
414 2422 521 2480 rector
535 2414 635 2500 subit,
652 2414 720 2500 ipse
736 2414 904 2501 magister,

113 2521 341 2606 Hortaturque
356 2519 450 2604 viros,
468 2521 664 2606 clavumque
681 2521 724 2588 ad
739 2520 838 2586 litora
853 2527 995 2606 torquet.

51 2709 55 2716 Ι
112 2627 160 2692 At
176 2627 294 2714 gravis,
308 2635 347 2692 ut
362 2627 464 2692 fundo
478 2626 536 2692 vix
551 2628 687 2692 tandem
703 2626 850 2692 redditus
865 2626 931 2691 imo
946 2634 1007 2706 est,

111 2729 192 2796 dam
208 2731 324 2816 senior,
340 2731 537 2816 madidaque
553 2731 657 2798 fluens
672 2731 707 2796 in
722 2738 822 2817 veste,
840 2731 1006 2797 Menoetes

116 2836 255 2902 Summa
270 2837 355 2922 petit
371 2837 506 2923 scopuli,
524 2837 671 2922 siccaque
686 2837 721 2902 in
736 2859 816 2924 rupe
832 2837 958 2904 resedit.
1112 2835 1177 2900 180

113 2941 216 3007 Illum
232 2950 265 3006 et
280 2942 446 3008 labentem
463 2941 581 3007 'leucri
597 2951 630 3007 ct
646 2942 741 3008 risere
757 2950 941 3027 natantem,

113 3046 159 3111 Et
177 3045 279 3112 salsos
294 3045 401 3111 rident
418 3054 637 3112 revomentem
653 3056 782 3132 pectore
797 3047 928 3114 fluctus.
1051 3059 1054 3066 '

114 3152 179 3218 Hic
196 3153 286 3216 laeta
301 3151 456 3218 extremis
472 3174 544 3238 spes
561 3160 611 3218 est
627 3174 762 3220 accensa
776 3153 915 3237 duobus,
1012 3197 1014 3206 ι

116 3258 265 3343 Sergesto
282 3256 522 3342 Mnestheique,
541 3256 639 3342 Gyan
655 3279 807 3344 superare
823 3264 1016 3323 morantem.

116 3362 287 3448 Sergestus
299 3361 389 3447 capit
405 3369 482 3427 ante
497 3362 616 3446 locum,
633 3364 830 3449 scopuloque
845 3361 1056 3449 propinquat,
1114 3361 1179 3429 185

115 3467 185 3533 Nec
202 3473 275 3532 tota
291 3475 404 3531 tamen
418 3467 474 3532 ille
490 3467 576 3553 prior
590 3476 766 3554 praeeunte
782 3467 910 3534 carina:

115 3574 216 3638 Parte
232 3572 329 3659 prior,
347 3580 477 3658 partem
492 3580 593 3638 rostro
609 3573 730 3659 premit
746 3573 877 3638 aemula
894 3572 1021 3642 Pristis.

116 3677 165 3742 At
181 3676 294 3742 media
310 3676 410 3742 socios
425 3677 578 3743 incedens
593 3697 676 3743 nave
692 3698 750 3763 per
765 3677 852 3764 ipsos

116 3781 279 3848 Hortatur
295 3779 506 3849 Mnestheus:
533 3782 553 3814 “
567 3781 677 3867 Nunc,
695 3803 782 3848 nunc
797 3783 956 3871 insurgite
972 3784 1080 3870 remis,

117 3886 309 3954 “Hectorei
323 3886 411 3972 socii,
429 3886 545 3972 Trojae
561 3909 641 3972 quos
657 3896 744 3954 sorte
760 3911 912 3976 suprema
1114 3887 1179 3956 190

118 3995 138 4026 “
149 3992 270 4080 Delegi
285 3991 441 4076 comites3
466 4014 554 4060 nuno
569 3993 642 4060 illas
657 3983 794 4080 plomite
810 3997 902 4082 vires,
