2944 4522
527 369 699 417 Anuulnos
722 370 787 417 LIB.
812 371 872 418 xll.

164 531 276 596 Multa
292 531 401 595 virum
417 529 558 595 volitans
574 532 633 595 dat
650 529 745 594 fortia
760 551 892 615 corpora
906 529 983 612 lete,

167 636 352 702 Semineces
367 635 470 700 volvit
488 636 620 719 multos,
638 642 697 700 aut
713 633 846 720 agmina
861 655 958 698 curru

167 741 327 824 Proterit,
344 750 403 806 aut
419 749 532 827 raptas
548 741 751 826 fugientibus
765 740 885 833 ingerit
901 740 1022 806 hastas.
1163 742 1229 806 330

165 848 281 928 Qualis
297 850 386 934 apud
403 849 501 935 gelidi
517 869 620 934 quum
635 848 773 912 flumina
789 847 935 912 concitus
954 849 1058 914 Hebri

166 953 373 1040 Sanguineas
390 954 520 1020 Mavors
536 955 638 1040 clipeo
654 954 785 1018 intonat
801 960 902 1037 atque
918 953 1064 1019 furentes

164 1057 261 1122 Bella
276 1081 409 1124 movens
424 1059 582 1124 immittit
598 1079 716 1142 equos3
742 1057 791 1122 illi
807 1077 942 1141 aequore
958 1065 1072 1143 aperto

162 1161 254 1227 Ante
270 1163 375 1228 Notos
392 1163 644 1248 Zephyrumque
660 1164 783 1246 volant,
802 1163 905 1248 gemit
920 1162 1043 1227 ultima
1059 1164 1159 1249 pulsu

164 1266 292 1332 Thraca
310 1269 443 1354 pedum,
462 1271 650 1353 circumque
669 1275 760 1333 atrae
777 1268 974 1333 Formidinis
990 1290 1045 1334 ora
1161 1270 1226 1336 335

162 1370 300 1456 Iraeque
316 1372 534 1457 Insidiaeque,
552 1373 604 1436 dei
620 1373 809 1456 comitatus,
827 1380 990 1458 aguntur:

163 1476 253 1541 Talis
269 1499 368 1562 equos
384 1477 491 1542 alacer
507 1477 615 1543 media
630 1477 717 1542 inter
733 1478 855 1564 proelia
872 1478 1004 1545 Turnus

161 1580 348 1645 Fumantes
364 1582 479 1646 sudore
499 1580 616 1667 quatit,
635 1583 818 1648 miserabile
835 1583 936 1649 caesis

161 1684 320 1749 Hostibus
335 1685 499 1750 insultans
513 1705 522 1767 3
548 1686 674 1771 spargit
690 1687 805 1772 rapida
821 1687 947 1772 ungula
964 1710 1047 1754 rores
1075 1739 1079 1746 .

163 1790 375 1874 Sanguinem,
392 1791 564 1874 mixtaque
580 1813 673 1855 cruor
688 1792 834 1856 calcatur
850 1814 954 1858 arena.
1037 1790 1125 1877 [que,
1159 1793 1225 1859 340

159 1893 304 1980 Jamque
320 1897 393 1961 neci
411 1895 668 1980 Sthenelumque
684 1898 775 1962 dedit
793 1897 1050 1983 Thamyrimque
1063 1899 1224 1964 Pholum-

159 1998 259 2064 Hunc
275 2021 464 2086 congressus
479 2009 512 2065 et
529 2001 628 2085 hunc,
646 2002 742 2065 illum
759 2003 905 2084 eminus;
930 2003 1057 2068 eminus
1073 2005 1168 2069 ambo

159 2104 371 2189 Imbrasidas,
390 2105 555 2171 Glaucum
572 2113 673 2190 atque
690 2107 814 2190 Laden,
832 2129 913 2191 quos
929 2107 1096 2174 Imbrasus
1111 2107 1182 2194 ipse

158 2208 192 2274 N
193 2209 332 2274 utricrat
348 2209 460 2295 Lycia,
478 2211 674 2296 paribusque
691 2219 861 2276 ornaverat
879 2212 988 2296 armis,

157 2313 223 2378 Vel
238 2314 381 2379 conferre
396 2337 543 2398 manum,
561 2316 614 2380 vel
629 2337 712 2400 equo
728 2323 929 2400 praevertere
946 2323 1068 2384 ventos.
1154 2316 1220 2385 345

158 2417 259 2484 Parte
275 2418 342 2483 alia
358 2419 465 2484 media
482 2421 646 2486 Eumedes
660 2421 696 2485 in
711 2421 833 2506 proelia
847 2422 962 2504 fertur,
1209 2433 1214 2442 '

159 2522 304 2609 Antiqui
319 2524 424 2610 proles
439 2525 523 2590 bello
539 2527 704 2611 praeclara
722 2526 868 2608 Dolonis,

157 2626 301 2692 Nomine
316 2651 415 2692 avum
432 2629 578 2714 referens,
596 2631 704 2696 animo
721 2631 937 2717 manibusque
953 2642 1137 2718 parentem,

157 2732 223 2813 Qui
239 2734 415 2818 quondam,
433 2745 539 2799 castra
553 2743 592 2799 ut
609 2735 764 2800 Danaum
780 2738 965 2823 speculator
979 2739 1093 2823 adiret,

155 2837 267 2903 Ausus
284 2839 417 2904 Pelidae
433 2840 575 2924 pretium
594 2840 656 2906 sibi
670 2863 796 2926 poscere
812 2864 925 2908 currus
939 2864 948 2925 ;
1152 2845 1219 2911 350

157 2943 258 3008 Illum
276 2943 419 3028 Tydides
434 2945 497 3010 511ο
512 2967 569 3030 pro
585 2946 707 3011 talibus
723 2946 809 3011 ausis

153 3048 279 3114 Affecit
294 3050 408 3135 pretio,
425 3071 530 3134 neque
546 3051 636 3135 equis
652 3051 798 3136 adspirat
815 3051 962 3118 Achillis.

153 3153 253 3219 Hunc
269 3155 383 3241 procul
397 3162 437 3218 ut
453 3177 568 3241 campo
586 3155 716 3221 Turnus
732 3155 898 3242 prospexit
914 3163 1038 3241 aperto,

152 3260 245 3325 Ante
261 3261 326 3325 levi
337 3259 447 3346 jaculo
463 3261 598 3347 longum
615 3283 671 3346 per
685 3262 782 3327 inane
798 3271 940 3346 secutus,

154 3365 250 3432 Sistit
268 3387 368 3451 equos
382 3366 509 3452 bijuges
526 3375 559 3432 et
575 3389 670 3432 curru
685 3368 804 3451 desilit,
822 3373 924 3450 atque
1148 3369 1213 3436 355

151 3471 343 3555 Semianimi
358 3471 513 3557 lapsoque
530 3472 727 3558 supervenit,
746 3480 790 3555 et,
805 3471 886 3555 pede
903 3471 985 3536 collo
1321 3477 1326 3488 ’

150 3576 324 3661 Impresso‚
341 3577 476 3642 dextrae
492 3598 680 3642 mucronem
696 3582 868 3659 extorquet
885 3583 919 3640 et
935 3576 1003 3641 alto

149 3679 355 3766 Fulgentem
370 3681 495 3767 tinguit
506 3677 632 3766 jugul0,
650 3690 750 3765 atque
764 3681 845 3745 haec
861 3680 993 3766 insuper
1008 3681 1121 3750 addit:

150 3783 172 3816 “
183 3784 247 3870 Fn,
265 3807 360 3870 agros
376 3794 420 3870 et,
435 3806 535 3868 quam
550 3786 645 3870 belle,
664 3784 817 3870 Frojane,
835 3785 959 3870 petisti,

149 3889 384 3977 “Hesperiam
399 3891 513 3956 metire
525 3891 660 3976 jacens:
686 3891 764 3955 haee
781 3891 936 3976 praemia,
954 3893 1012 3976 qui
1026 3913 1080 3957 me
1147 3893 1215 3957 360

148 3995 282 4062 “Ferro
298 3995 370 4061 ausi
385 4004 522 4080 tentare,
538 3996 671 4078 ferunt;
696 3996 742 4062 sio
758 3997 885 4062 moenia
901 3999 1079 4064 condunt.”
