2944 4522
257 323 326 392 244
630 346 889 398 arumnorum.
915 349 949 398 x.

256 502 347 570 Colla
362 503 459 590 fovet,
475 504 568 572 fusus
583 526 762 592 propexam
776 506 812 573 in
826 515 955 594 pectore
969 509 1115 578 barbam.

256 609 366 675 Multa
381 632 477 697 super
491 611 599 677 Lauso
615 611 749 698 rogitat,
765 614 952 700 multosque
967 615 1121 700 remittit,

256 715 320 796 Qui
335 706 484 782 revocent
499 717 681 802 maestique
696 717 975 785 ferant'mandata
990 721 1144 806 parentis.
1250 721 1318 787 840

254 817 303 882 At
313 819 464 886 'Lausum
481 821 559 886 socii
574 822 760 886 exanimem
776 844 874 909 super
889 846 980 888 arma
994 825 1143 890 ferebant

255 921 398 1008 Flentes,
415 924 583 1011 ingentem
598 933 697 1010 atque
712 927 840 1013 ingenti
855 928 988 993 vulnere
1003 929 1137 997 victum.

255 1030 401 1116 Agnovit
415 1032 510 1118 longe
525 1032 686 1118 gemitum
700 1055 855 1119 praesaga
870 1035 948 1099 mali
963 1055 1074 1100 mens:

256 1136 422 1203 Canitiem
436 1137 543 1203 multo
559 1137 719 1204 deformat
735 1139 878 1224 pulvere,
896 1147 930 1204 et
946 1140 1059 1205 ambas

254 1241 310 1306 Ad
326 1242 453 1307 coelum
468 1243 577 1308 tendit
592 1243 728 1329 palmas,
745 1251 779 1309 et
794 1265 924 1330 corpore
939 1244 1096 1312 inhaeret.
1247 1245 1316 1313 845

256 1345 278 1379 “
292 1346 443 1412 Tantane
457 1369 510 1413 me
525 1348 635 1414 tenuit
650 1349 790 1435 vivendi,
806 1357 897 1434 nate,
915 1351 1076 1436 voluptas,

257 1451 342 1518 “Ut
357 1473 415 1538 pro
430 1473 483 1517 me
498 1451 611 1518 hostili
626 1461 754 1538 paterer
768 1455 938 1520 succedere
953 1456 1098 1539 dextrae,

256 1555 396 1638 “Quem
410 1558 535 1643 genui?
583 1558 699 1624 Tuane
714 1559 795 1626 haec
806 1560 934 1646 genitor
948 1581 1006 1646 per
1017 1546 1156 1626 ¹uulnera
1172 1581 1292 1646 servor,

255 1660 395 1727 “Morte
411 1668 472 1727 tua
487 1662 598 1728 vivens
613 1665 629 1730 Ρ
678 1663 766 1748 Heu,
782 1686 870 1730 nunc
884 1665 1000 1731 misero
1015 1663 1098 1729 mihi
1113 1665 1248 1754 demum

255 1765 445 1834 “Exitium
459 1768 574 1835 infelix
587 1790 596 1852 ;
613 1785 710 1836 ¹nunc
726 1771 792 1836 alte
807 1772 929 1836 vulnus
944 1772 1119 1838 adactum!
1248 1771 1317 1838 850

255 1871 275 1903 “
286 1872 381 1938 Idem
396 1895 465 1959 ege,
481 1881 570 1958 nate,
586 1883 685 1940 tuum
700 1877 863 1942 maculavi
878 1876 1013 1942 crimine
1028 1897 1156 1958 nomen,

256 1975 276 2008 “
290 1977 410 2044 Pulsus
426 1979 467 2044 ob
482 1979 639 2045 invidiam
656 1981 734 2046 solio
749 1980 948 2066 sceptrisque
963 1980 1119 2066 paternis.

256 2080 277 2114 “
291 2082 476 2148 Debueram
490 2085 615 2170 patriae
631 2107 751 2171 poenas
767 2085 913 2170 odiisque
928 2080 1095 2151 meorum:

256 2185 409 2253 “Omnes
424 2209 482 2273 per
496 2195 616 2254 mortes
632 2189 777 2254 animam
793 2196 919 2254 sontem
934 2187 1003 2274 ipse
1018 2187 1198 2254 dedissem!

256 2289 277 2323 “
290 2291 389 2357 Nunc
405 2292 487 2376 vivo,
500 2314 606 2378 neque
619 2294 725 2359 adhuc
738 2293 883 2358 homines
895 2294 1065 2376 lucemque
1077 2291 1234 2376 relinquo.
1248 2292 1316 2358 855

255 2394 277 2428 “
291 2395 354 2461 Sed
368 2395 546 2479 linquam.''
594 2397 700 2464 Simul
714 2397 775 2463 hoc
791 2396 903 2462 dicens
918 2395 1042 2462 attollit
1059 2395 1094 2460 in
1110 2416 1244 2480 aegrum

255 2500 296 2567 Se
311 2501 425 2586 femur,
442 2508 486 2585 et,
499 2522 700 2588 quemquam
715 2503 764 2569 vis
780 2504 848 2568 alto
862 2503 995 2568 vulnere
1011 2502 1134 2585 tardat,

254 2605 353 2671 Haud
369 2605 514 2690 dejectus
530 2627 650 2691 equum
665 2608 742 2674 duci
753 2607 859 2693 jubet.
906 2607 978 2672 Hoc
994 2607 1093 2672 decus
1108 2605 1166 2688 illi,

253 2711 324 2775 Hoc
340 2710 483 2775 solamen
498 2721 579 2796 erat,
595 2713 689 2779 bellis
704 2713 764 2778 hoc
780 2713 885 2778 victor
899 2711 1012 2778 abibat

255 2815 425 2882 Omnibus.
473 2815 664 2901 Alloquitur
679 2827 878 2884 maerentem
893 2824 927 2882 et
943 2817 1065 2882 talibus
1081 2813 1174 2880 infit:
1245 2815 1315 2879 860

253 2920 274 2952 “
287 2921 431 3008 Rbaebe,
448 2923 527 2988 diu·
537 2944 586 2988 res
602 2923 630 2988 si
645 2943 710 3006 qua
725 2924 782 2988 diu
797 2923 989 2989 mortalibus
1004 2921 1073 2985 ulla
1089 2926 1162 2984 est-

253 3023 273 3055 “
287 3024 450 3092 Viximus.
497 3025 570 3092 Aut
586 3025 681 3092 hodie
697 3026 799 3093 vietor
814 3027 917 3112 spolia
932 3026 989 3090 illa
1005 3029 1142 3090 cruenta

252 3129 331 3194 “Et
347 3139 447 3217 caput
463 3130 595 3196 Aeneae
611 3131 735 3216 referes,
752 3131 919 3216 Lausique
935 3131 1081 3197 dolorum
1120 3135 1126 3143 ’

252 3235 386 3301 “Ultor
401 3236 463 3302 eris
478 3257 629 3319 mecum3
654 3243 724 3322 aut,
741 3237 846 3322 aperit
862 3237 890 3302 si
905 3237 997 3300 nulla
1011 3235 1100 3298 viam
1116 3231 1176 3316 ris,
1261 3243 1277 3276 ·

253 3341 272 3373 “
287 3341 468 3407 Ocoumbes
479 3341 619 3426 pariter:
644 3342 864 3426 nequeenim,
882 3339 1063 3421 fortissime,
1081 3337 1186 3420 credo,
1245 3335 1313 3401 865

251 3444 271 3477 “
282 3444 306 3509 J
308 3467 383 3510 ussa
398 3445 504 3510 aliena
518 3445 591 3530 pati
606 3452 640 3510 et
655 3446 801 3511 dominos
816 3445 989 3530 dignabere
1006 3442 1178 3508 Teucros?

251 3547 359 3633 Dixit,
375 3557 408 3614 et
424 3557 580 3635 exceptus
595 3556 686 3634 tergo
702 3556 857 3615 consueta
871 3547 995 3614 locavit

211 3725 212 3728 Ἴ
250 3652 410 3737 Membra,
426 3674 607 3739 manusque
623 3654 736 3718 ambas
748 3653 867 3738 jaculis
883 3651 1030 3718 oneravit
1045 3649 1161 3732 acutis,

250 3756 336 3822 Aere
352 3765 452 3842 eaput
466 3757 595 3844 fulgens
610 3759 772 3842 cristaque
787 3757 935 3822 hirsutus
951 3757 1077 3840 equina.

252 3861 305 3928 Sic
321 3883 453 3928 cursum
468 3863 503 3928 in
517 3864 640 3930 medios
655 3865 788 3950 rapidus
803 3863 917 3930 dedit:
943 3868 1076 3928 aestuat
1090 3859 1205 3946 ingens
1244 3854 1311 3926 870
