2898 4518
218 337 282 400 112
590 351 760 400 nnunroos
784 351 848 400 nra.
874 351 907 400 r.

217 513 337 582 Albani
352 513 488 577 docuere
505 533 600 578 suos:
627 512 702 577 hinc
718 512 864 576 maxima
879 533 971 597 porro
1214 508 1279 574 600

216 617 354 703 Accepit
372 616 476 682 Roma
492 623 526 680 et
543 617 688 701 patrium
704 616 843 681 servavit
859 617 1035 696 honorem;

217 719 378 806 Trojaque
394 741 481 784 nunc
498 705 591 804 pueri
608 720 785 805 Trojanum
801 720 923 784 dicitur
937 739 1064 804 agmen.
1106 773 1113 784 .

216 826 290 892 Hac
306 825 468 891 celebrata
484 832 579 890 tenus
596 833 707 890 sancto
722 823 902 889 certamina
916 823 1011 909 patri.

285 930 349 995 Hic
365 929 506 1016 primum
522 929 671 994 Fortuna
686 929 784 994 fidem
801 935 934 993 mutata
950 928 1090 994 novarit.

218 1035 309 1100 Dum
324 1034 422 1100 variis
438 1034 568 1100 tumulo
582 1034 726 1099 referunt
743 1033 899 1099 solemnia
914 1033 1002 1098 ludis
1015 1053 1024 1115 ;
1216 1032 1284 1098 605

218 1140 298 1205 Irim
313 1140 354 1204 de
370 1139 457 1204 coelo
472 1138 561 1203 misit
580 1138 736 1205 Saturnia
750 1137 841 1202 June

217 1246 357 1312 Iliacam
373 1246 416 1310 ad
431 1245 578 1328 classem,
595 1249 773 1328 ventosque
788 1243 935 1329 adspirat
952 1243 1055 1326 eunti,

218 1352 327 1417 Multa
343 1373 487 1436 movens,
505 1352 644 1416 necdum
660 1350 837 1435 antiquum
854 1357 1002 1415 saturata
1018 1350 1169 1414 dolorem.

218 1459 292 1542 Illa,
310 1457 398 1522 viam
414 1457 556 1521 celerans
571 1477 629 1542 per
644 1456 732 1520 mille
748 1455 906 1521 coloribus
921 1475 1044 1538 arcum,

218 1562 312 1628 Nulli
327 1562 406 1646 visa,
423 1561 489 1627 cito
505 1561 646 1626 decurrit
658 1561 796 1626 tramite
812 1561 910 1646 virge.
1218 1557 1286 1623 610

218 1667 386 1753 Conspicit
401 1666 570 1753 ingentem
585 1685 790 1750 concursum,
808 1673 841 1731 et
856 1665 953 1732 litora
968 1665 1098 1749 lustrat,

219 1773 435 1857 Desertosque
451 1771 541 1837 videt
557 1779 670 1858 portus
686 1773 884 1856 classemque
900 1772 1058 1838 relictam.

219 1877 267 1943 At
283 1878 394 1963 procul
408 1877 442 1942 in
461 1878 529 1970 sola
545 1886 685 1943 secretae
703 1877 844 1943 Troades
860 1885 935 1943 acta

219 1982 389 2048 Amissum
405 1982 573 2048 Anchisen
588 1982 722 2066 flebant,
740 1991 942 2068 cunctaeque
958 1982 1159 2068 profundum

220 2087 366 2153 Pontum
381 2087 619 2174 adspectabant
634 2087 760 2154 flentes.
808 2087 886 2152 Heu
901 2095 952 2152 tot
968 2089 1051 2152 vada
1067 2087 1160 2152 fessis
1220 2087 1287 2152 615

220 2191 266 2257 Et
282 2200 415 2258 tantum
432 2213 596 2278 superesse
611 2192 719 2276 maris,
737 2214 800 2257 vox
815 2192 966 2257 omnihus
981 2214 1056 2258 una.

134 2300 138 2312 '
220 2295 344 2362 Urbem
361 2305 474 2365 orant:
500 2299 611 2363 taedet
626 2298 735 2383 pelagi
750 2298 889 2383 perferre
904 2298 1056 2363 lahorem.

220 2401 305 2488 Ergo
321 2403 546 2468 intermedias
562 2423 629 2468 sese
644 2403 733 2468 haud
748 2403 861 2488 ignara
877 2401 1015 2468 nocendi

222 2506 373 2592 Oonjicit,
390 2515 424 2573 et
439 2507 621 2592 faciemque
637 2510 716 2573 deae
733 2515 922 2592 vestemque
939 2507 1084 2594 reponit:

221 2611 277 2678 Fit
295 2613 410 2698 Beroe,
430 2613 554 2678 Tmarii
570 2613 689 2698 conjux
703 2614 859 2699 longaeva
877 2613 1019 2698 Dorycli,
1220 2612 1286 2678 620

222 2718 285 2785 Oui
300 2740 402 2805 genus
418 2725 452 2783 et
469 2720 634 2804 quondam
650 2739 769 2783 nomen
785 2718 920 2803 natique
935 2719 1094 2800 fuissent3

222 2825 272 2890 Ac
287 2825 331 2890 sic
350 2824 576 2904 Dardanidum
591 2823 734 2889 mediam
749 2846 782 2888 se
798 2823 957 2888 matribus
973 2822 1081 2888 infert.

223 2929 245 2962 “
261 2929 289 2995 Ο
308 2929 451 3014 miserae,
470 2951 551 3014 quas
566 2951 630 2994 non
646 2949 764 2994 manus
774 2931 793 2958 ’'
810 2927 919 3013 inquit
938 2926 1117 2992 “Achaica
1130 2926 1218 2990 bello
1276 2989 1285 3003 ,

223 3033 243 3066 “
257 3033 408 3098 Traxerit
423 3035 465 3099 ad
481 3035 586 3099 letum
601 3033 726 3119 patriae
743 3033 804 3124 sub
820 3033 988 3098 moenibus
1003 3039 1011 3100 l
1037 3054 1056 3097 0
1071 3054 1150 3118 gens

224 3137 244 3170 “
258 3137 389 3222 Infelix,
403 3137 456 3202 cui
472 3145 505 3202 te
522 3138 621 3202 exitio
637 3137 785 3202 Fortuna
801 3139 970 3203 reservat?
1221 3137 1285 3202 625

224 3243 244 3274 “
259 3241 407 3327 Septima
422 3251 497 3328 post
514 3242 629 3326 Trojae
646 3241 809 3306 excidium
822 3241 891 3326 jam
907 3242 1048 3306 vertitur
1062 3250 1180 3324 aestas,

225 3347 245 3380 “
260 3347 370 3428 Quum
386 3347 480 3432 freta,
497 3367 600 3432 quum
616 3353 720 3411 terras
736 3367 856 3429 omnes,
873 3353 926 3410 tot
944 3346 1109 3431 inhospita
1126 3367 1208 3411 saxa

224 3453 246 3486 “
261 3453 438 3538 Sideraque
454 3473 603 3517 emensae
618 3451 762 3536 ferimur,
779 3451 860 3516 dum
877 3473 933 3536 per
948 3471 1037 3515 mare
1052 3472 1211 3537 magnum

225 3558 244 3590 “
258 3559 394 3623 Italiam
404 3558 577 3644 sequimur
591 3557 784 3643 fugientem,
803 3563 836 3621 et
852 3557 1013 3620 volvimur
1027 3555 1133 3622 undis.

223 3663 245 3695 “
260 3662 324 3726 Hic
341 3663 454 3747 Erycis
470 3665 550 3728 fines
566 3661 701 3726 fraterni
717 3669 816 3745 atque
832 3662 947 3748 hospes
963 3661 1116 3727 Acestes:
1221 3661 1288 3725 630

225 3768 346 3850 “Quid
369 3767 528 3853 prohibet,
545 3789 653 3832 muros
665 3767 772 3852 jacere
789 3775 822 3831 et
838 3768 915 3832 dare
932 3767 1056 3832 civibus
1071 3767 1217 3832 urbem?

225 3865 288 3939 “O
305 3871 413 3956 patria
428 3879 461 3936 et
477 3871 564 3956 rapti
581 3871 805 3955 nequidquam
821 3891 862 3934 ex
877 3871 969 3934 hoste
987 3870 1141 3954 Penates,

225 3975 403 4039 “Nullane
415 3975 486 4060 jam
502 3974 618 4059 Trojae
634 3973 785 4040 dicentur
799 3975 953 4040 moenia?
979 3993 1144 4058 nusquam
