2838 4522
491 336 662 384 Annnlnos
685 337 751 385 LIB.
774 337 824 385 111.

126 497 192 562 Ter
207 497 334 584 scopuli
349 498 523 564 clalnorem
537 498 622 565 inter
637 519 719 566 cava
734 519 813 562 saxa
829 495 955 578 dedere,

128 601 193 666 Ter
209 624 361 688 spumam
378 604 493 668 elisam
508 611 541 668 et
556 605 699 670 rorantia
716 603 857 668 vidimus
873 609 969 666 astra.

127 706 258 770 Interea
268 707 367 772 fessos
381 714 502 772 ventus
518 730 594 774 cum
610 710 675 774 sole
691 707 833 792 reliquit,

128 809 306 895 Ignarique
322 810 394 875 viae
412 811 593 897 Cyclopum
609 813 784 878 allabimur
799 811 871 876 oris.

129 915 252 980 Portus
266 916 310 980 ab
326 938 458 982 accessu
472 924 644 982 ventorum
659 917 817 982 immotus
834 923 868 980 et
884 915 999 999 ingens
1126 907 1192 979 570

128 1019 228 1105 Ipse;
254 1021 310 1086 sed
325 1020 481 1086 horrificis
492 1020 592 1106 juxta
607 1029 703 1086 tonat
718 1021 831 1086 Aetna
847 1019 967 1084 ruinis:

129 1124 368 1209 Interdumque
384 1133 492 1190 atram
507 1126 690 1212 prorumpit
706 1126 748 1190 ad
763 1124 896 1192 aethera
910 1123 1042 1206 nubem,

130 1229 277 1294 Turbine
291 1230 477 1295 fumantem
492 1230 582 1316 piceo
598 1239 632 1296 et
648 1232 809 1296 candente
823 1228 945 1313 favilla,

126 1331 328 1417 Attollitque
343 1333 455 1418 globos
470 1333 687 1418 flammarum,
702 1341 736 1399 et
753 1334 857 1399 sidera
871 1332 988 1398 lambit
1002 1353 1011 1414 ;

125 1436 300 1500 Interdum
316 1437 463 1522 scopulos
478 1439 657 1523 avulsaque
673 1439 794 1504 viscera
810 1437 929 1502 montis
1123 1432 1189 1502 575

127 1539 239 1624 Erigit
255 1548 417 1625 eructans,
434 1542 674 1626 fiquefactaque
691 1563 770 1607 saxa
786 1543 846 1608 sub
862 1564 958 1607 auras

130 1644 219 1709 Cum
235 1645 360 1731 gemitu
375 1646 544 1732 glomerat,
561 1647 728 1733 fundoque
744 1655 917 1714 exaestuat
933 1647 1007 1712 imo.

126 1749 233 1813 Fama
249 1757 310 1832 cst,
328 1749 488 1815 Enceladi
504 1751 701 1817 semiustum
717 1753 854 1816 fulmine
870 1771 987 1836 corpus

125 1853 247 1938 Urgeri
262 1854 346 1918 mole
362 1854 433 1938 hac,
450 1853 683 1941 ingentemque
697 1856 832 1941 insuper
848 1855 995 1920 Aetnam

124 1956 322 2041 Impositam
338 1958 445 2044 ruptis
460 1959 628 2025 flammam
645 1961 809 2046 exspirare
824 1959 971 2042 caminis,
1123 1956 1189 2024 580

124 2059 184 2144 Et,
201 2061 324 2126 fessum
340 2063 465 2148 quoties
480 2070 590 2129 mutet
604 2065 704 2149 latus,
721 2065 896 2128 intremere
911 2083 1041 2128 omnem

123 2165 295 2231 Murmure
312 2167 516 2232 Trinacriam
531 2176 565 2234 et
581 2170 708 2235 coelum
724 2169 895 2234 subtexere
909 2167 1008 2232 fumo.

123 2375 333 2461 Perferimus,
350 2398 420 2461 nec,
438 2399 521 2461 quae
537 2378 681 2444 sonitum
697 2379 753 2442 det
769 2397 877 2459 causa,
895 2375 1063 2442 videmus:

124 2481 214 2544 Nam
229 2503 334 2567 neque
350 2465 444 2547 erant
459 2489 621 2549 astrorum
636 2484 738 2569 ignes,
755 2504 813 2548 nec
830 2481 959 2546 lucidus
974 2479 1088 2545 aethra
1121 2479 1187 2547 585

126 2585 258 2651 Siderea
272 2587 377 2671 polus,
394 2587 529 2652 obscuro
545 2588 601 2652 sed
617 2587 843 2671 nubilacoe10‚

125 2689 172 2752 Et
188 2690 303 2754 lunam
319 2691 354 2755 in
370 2691 481 2756 nimbo
498 2713 563 2757 nox
578 2691 779 2778 intempesta
794 2693 935 2758 tenebat.

124 2794 261 2859 Postera
272 2795 405 2880 jamque
421 2797 490 2861 dies
506 2796 611 2881 primo
627 2797 782 2882 surgebat
797 2796 879 2880 Eos,

122 2899 394 2986 Humentemque
409 2901 537 2968 Aurora
553 2902 627 2986 polo
642 2902 821 2967 dimoverat
837 2904 1007 2970 umbram:

122 3006 235 3086 Quum
252 3007 360 3072 subito
374 3028 392 3072 e
409 3007 507 3091 silvis,
524 3007 628 3072 macie
643 3007 791 3073 confecta
808 3029 969 3094 suprema,
1120 3007 1186 3073 590

121 3111 236 3197 Ignoti
251 3133 335 3177 nova
349 3112 453 3176 forma
468 3111 531 3177 viri
545 3112 793 3197 miserandaque
809 3113 904 3178 cultu

121 3215 287 3301 Procedit,
304 3217 507 3302 supplexque
523 3238 641 3282 manus
656 3218 699 3282 ad
714 3217 813 3282 litora
829 3217 945 3282 tendit.

120 3320 337 3406 Respicimus.
384 3320 466 3385 Dira
480 3321 610 3387 illuvies
624 3321 834 3405 immissaque
849 3321 961 3404 barba,

120 3425 318 3490 Consertum
332 3432 487 3511 tegumen
504 3425 624 3512 spinis;
649 3435 686 3490 at
701 3433 810 3490 cetera
826 3423 947 3490 Graius
998 3513 1000 3517 ι

119 3532 165 3596 Et
183 3531 349 3616 quondam
363 3532 478 3617 patriis
493 3533 535 3596 ad
552 3531 683 3616 Trojam
700 3531 818 3596 missus
832 3530 869 3594 in
885 3530 991 3596 armis.
1117 3533 1183 3598 595

119 3636 222 3720 Isque
239 3634 297 3698 ubi
313 3633 495 3702 Dardanios
510 3635 643 3700 habitus
659 3643 693 3700 et
711 3635 810 3700 Troia
825 3634 908 3699 vidit

118 3741 225 3804 Arma
240 3739 373 3824 procul:
398 3741 548 3826 paullum
563 3742 721 3825 adspectu
737 3739 933 3806 conterritus
947 3739 1064 3824 haesit,

120 3845 359 3929 Continuitque
374 3847 512 3931 gradum
527 3867 535 3928 ;
560 3867 636 3910 mox
652 3867 720 3911 sese
735 3847 778 3911 ad
792 3845 890 3910 litora
905 3866 1058 3930 praeceps

118 3951 208 4017 (lum
223 3949 309 4014 fletu
324 3950 538 4036 precibusque
554 3949 652 4016 tulit:
679 3949 701 3983 “
715 3951 778 4016 Per
793 3950 898 4016 sidera
913 3956 1027 4033 testor,
