2838 4522
451 353 622 401 Anunmos
647 353 713 402 LIB.
738 355 788 403 111.

90 514 157 580 Vix
172 536 212 580 ea
227 514 316 580 fatus
331 535 422 579 eram
437 535 446 596 3
471 521 607 579 tremere
624 514 732 579 omnia
748 514 816 580 risa
831 521 977 600 repente,

91 618 283 704 liminaque
299 619 477 704 laurusque
493 619 556 702 dei,
571 625 728 704 totusque
744 620 867 686 moveri

91 723 184 788 Mons
200 724 334 808 circum,
352 729 387 788 et
404 723 530 809 mugire
547 723 655 808 adytis
671 725 797 790 cortina
812 724 953 790 reclusis.

90 830 251 896 Submissi
266 830 411 915 petimus
428 837 558 914 terram,
576 837 611 894 et
626 851 691 894 vox
705 831 809 896 fertur
824 831 867 896 ad
884 851 997 897 aures:

91 934 112 967 “
126 935 339 1001 Dardanidae
354 935 439 1019 duri,
457 957 540 1020 quae
557 957 613 1000 vos
629 958 648 1000 a
664 936 766 1022 stirpe
781 945 957 1023 parentum

91 1038 241 1104 “Prima
257 1040 336 1104 tulit
352 1039 461 1124 tellus,
479 1041 594 1104 eadem
610 1063 665 1106 vos
680 1042 779 1106 ubere
794 1042 883 1106 laeto
1114 1043 1157 1105 95

92 1142 280 1230 “Accipiet
296 1145 448 1210 reduces:
473 1143 646 1228 antiquam
661 1145 825 1230 exquirite
841 1153 993 1211 matrem.

93 1249 112 1282 “
125 1250 189 1316 Hic
206 1251 324 1315 domus
339 1249 470 1314 Aeneae
487 1249 616 1315 cunctis
632 1250 858 1315 dominabitur
873 1250 947 1336 oris,

92 1354 113 1387 “
124 1355 171 1420 111
187 1354 263 1420 nati
278 1363 442 1439 natorum,
459 1362 493 1420 et
509 1355 567 1440 qui
581 1363 758 1419 nascentur
773 1355 815 1419 ab
830 1355 926 1422 illis.”

93 1459 181 1524 Haec
199 1458 550 1544 Phoebus,.mixthue
565 1459 680 1545 ingens
695 1467 809 1524 exorta
825 1460 976 1525 tumultu

93 1563 248 1648 Laetitia,
265 1571 299 1628 et
315 1563 436 1647 cuncti,
454 1584 538 1649 quae
555 1563 621 1629 sint
637 1585 675 1628 ea
691 1563 828 1648 moenia,
845 1571 1020 1650 quaerunt,
1092 1564 1157 1628 100

94 1668 164 1749 Quo
180 1669 335 1733 Phoebus
349 1676 443 1734 vocet
458 1675 600 1734 errantes
611 1667 792 1754 jubeatque
808 1670 934 1736 reverti

94 1773 180 1838 Tum
197 1773 335 1860 genitor,
351 1781 501 1839 veterum
515 1773 648 1840 volvens
663 1782 878 1839 monumenta
893 1775 1048 1858 virorum,

94 1878 115 1914 ‘⁶
127 1879 267 1963 Audite,
284 1901 302 1944 c
318 1881 496 1964 proceres,’'
511 1879 560 1944 ait
577 1878 645 1944 “et
662 1901 735 1963 spes
751 1879 866 1944 discite
882 1887 1014 1946 vestras

94 1981 227 2050 “Creta
243 1985 267 2050 J
269 1985 337 2050 ovis
351 1984 464 2070 magni
478 1984 585 2050 medic
597 1984 685 2070 jacet
700 1984 809 2050 insula
824 1991 935 2070 ponto,

95 2087 225 2154 “Mons
241 2090 361 2155 Idaeus
376 2089 434 2154 ubi
448 2097 483 2155 et
498 2090 605 2175 gentis
621 2090 786 2155 cunabula
801 2096 951 2171 nostrae;
1092 2089 1156 2156 105

94 2193 276 2261 “Centum
290 2196 386 2261 urbes
401 2194 554 2260 habitant
569 2215 716 2281 magnas,
734 2193 897 2258 uberrima
913 2214 1034 2278 regna:

95 2299 300 2365 “Maximus
315 2301 403 2365 unde
418 2307 524 2386 pater,
544 2300 572 2365 si
586 2299 649 2364 rite
666 2298 783 2364 audita
799 2299 957 2382 recordor,

95 2402 277 2470 “Teucrus
293 2404 457 2471 Rhoeteas
471 2404 616 2492 primum
631 2412 681 2468 est
696 2404 856 2468 advectus
871 2403 913 2467 ad
929 2423 1013 2486 cras,

96 2506 336 2595 “Optavitque
350 2509 460 2575 locum
474 2529 580 2595 regne.
628 2508 785 2573 Nondum
802 2507 904 2572 Ilium
919 2514 954 2572 et
970 2529 1060 2573 arces

98 2612 333 2700 “Pergameae
349 2621 509 2680 steterant
524 2635 532 2696 ;
557 2613 756 2678 habitabant
771 2613 912 2678 vallibus
928 2613 1010 2680 imis.
1095 2614 1160 2677 110

97 2717 118 2750 “
129 2719 217 2785 Hine
234 2724 339 2784 mater
353 2719 477 2785 cultrix
493 2719 645 2803 Cybelae,
662 2717 926 2803 Corybantiaque
942 2739 1026 2803 aera,

97 2824 338 2910 “Idaeumque
352 2845 493 2908 nemus;
516 2825 593 2889 hinc
609 2823 676 2888 fida
692 2823 822 2888 silentia
837 2823 944 2906 sacris,

98 2926 176 2993 “Et
189 2927 301 3014 juncti
316 2949 447 2993 currum
462 2928 611 2994 dominae
628 2927 753 2992 subiere
768 2927 884 2993 leones.
928 2917 931 2926 ’

97 3030 220 3118 “Ergo
236 3032 325 3116 agite
340 3041 383 3117 et,
401 3033 515 3098 divum
529 3032 658 3098 ducunt
676 3051 742 3116 qua
754 3031 857 3116 jussa,
874 3053 1058 3115 sequamur,

97 3135 307 3201 “Placemus
325 3144 448 3222 ventos,
466 3144 501 3202 et
517 3135 641 3202 Cnosia
655 3158 755 3233 regna
771 3143 925 3221 petamus
941 3141 948 3202 1
1098 3137 1161 3203 lle

98 3239 118 3272 ‘⁴
127 3240 160 3305 N
162 3262 198 3306 ec
215 3241 313 3325 longo
328 3241 454 3306 distant
469 3261 584 3308 cursu:
609 3241 705 3305 modo
720 3239 855 3326 Jupiter
872 3240 972 3324 adsit,

98 3345 118 3377 “
132 3346 248 3411 Tertia
261 3346 321 3410 lux
336 3346 472 3424 classem
489 3345 633 3412 Cretaeis
650 3345 746 3410 sistet
761 3345 797 3409 in
812 3344 906 3410 oris.'’

98 3451 149 3518 Sic
164 3453 268 3536 satus,
285 3451 417 3518 meritos
432 3451 496 3516 aris
511 3451 672 3516 mactavit
687 3452 833 3533 honores,
882 3514 885 3522 ,

98 3559 249 3623 'laurum
265 3555 431 3642 Neptuno,
449 3564 582 3622 taurum
598 3555 671 3640 tibi,
688 3555 824 3641 pulcher
839 3554 972 3640 Apollo,

99 3663 239 3750 Nigram
255 3660 368 3726 Hiemi
382 3662 550 3747 pecudem,
568 3661 726 3746 Zephyris
741 3659 891 3726 felicibus
908 3661 1027 3729 albam.
1100 3664 1165 3726 120

162 3769 274 3834 Fama
288 3767 388 3852 volat,
404 3768 538 3853 pulsum
553 3766 661 3852 regnis
677 3765 810 3832 cessisse
825 3767 972 3853 paternis

101 3872 277 3939 Idomenea
292 3873 419 3957 ducem,
436 3873 629 3957 desertaque
644 3872 741 3938 litora
758 3871 886 3957 Cretae,

101 3974 205 4044 Hoste
221 3997 338 4042 vacare
353 3977 476 4061 domos,
494 3976 649 4062 sedesque
664 3976 796 4043 adstare
813 3976 952 4042 relictas.
