2944 4522
225 270 291 336 232
597 289 770 338 scurroos
792 287 857 340 rra.
883 290 916 340 x.

225 448 273 513 Et
288 423 354 534 vde,
372 471 391 515 o
407 449 517 517 Graiis
532 450 707 538 imperdita
721 473 865 537 corpora,
884 449 1011 518 Teucri.
1222 451 1295 517 430

133 647 140 657 ¹
226 553 370 640 Agmina
386 565 580 622 concurrunt
596 558 797 643 ducibusque
814 565 847 624 et
863 559 987 622 viribus
1002 557 1136 642 aequis;

226 659 378 724 Extremi
393 661 573 726 addensent
590 663 683 746 acies,
701 685 759 728 nec
772 663 870 728 turba
886 662 1007 728 moveri
1036 727 1040 734 ,

228 765 309 829 Tela
324 787 506 851 manusque
523 767 609 834 sinit.
657 769 744 834 Hinc
762 769 873 835 Pallas
888 770 993 834 instat
1008 775 1042 832 et
1058 777 1190 855 urguet,

228 869 316 936 Hinc
332 878 443 936 contra
459 869 606 955 Lausus;
632 895 691 937 nec
707 874 853 938 multum
866 870 1028 958 discrepat
1044 879 1154 955 aetas5

227 977 360 1064 Egregii
375 977 491 1062 forma,
509 979 566 1044 sed
581 983 654 1062 quis
668 979 800 1044 fortuna
815 986 952 1065 negarat
1128 1015 1132 1020 ·
1221 977 1290 1045 435

229 1084 271 1148 Iu
287 1084 431 1169 patriam
447 1085 580 1152 reditus.
627 1085 720 1172 Ipsos
735 1107 920 1150 concurrere
936 1107 1052 1171 passus

229 1189 330 1255 Haud
346 1197 459 1254 tamen
473 1189 560 1256 inter
574 1212 608 1257 se
623 1192 735 1278 magni
751 1199 902 1277 regnator
917 1191 1072 1276 Olympi:

229 1293 309 1360 Mox
324 1296 396 1361 illos
412 1317 471 1362 sua
485 1297 557 1362 feta
573 1305 707 1362 manent
724 1295 842 1382 majore
859 1298 920 1362 sub
936 1298 1039 1364 hoste.

296 1400 428 1467 Interea
443 1424 529 1467 soror
543 1401 631 1466 alme
646 1409 758 1467 monet
774 1402 944 1467 succedere
961 1402 1069 1467 Lauso

230 1505 402 1572 Turnum:
429 1505 487 1591 qui
502 1507 626 1572 volucri
641 1528 738 1572 curru
753 1507 900 1572 medium
916 1516 1005 1572 secat
1021 1529 1145 1593 agmen.
1222 1505 1290 1570 440

230 1610 281 1676 Ut
296 1611 380 1675 vidit
397 1612 515 1679 socios:
543 1610 564 1644 “
578 1613 723 1698 Tempus
737 1613 889 1678 desistere
905 1634 1034 1698 pugnae
1049 1635 1056 1679 :

235 1715 256 1747 “
269 1716 363 1782 Solus
379 1737 437 1802 ego
452 1717 488 1782 in
504 1717 661 1782 Pallante
675 1718 767 1802 feror,
785 1717 844 1783 soli
860 1717 943 1782 mihi
959 1718 1069 1783 Pallas

232 1820 413 1887 “Debetur
426 1844 435 1905 ;
460 1844 612 1909 cuperem
627 1823 696 1909 ipse
712 1845 829 1909 parens
845 1831 1008 1909 spectator
1022 1825 1179 1890 adesset.’'

231 1927 322 1993 Haec
338 1928 395 2012 ait,
413 1937 447 1994 et
463 1929 540 1994 socii
555 1937 721 1994 cesserunt
737 1950 875 2013 aequore
888 1929 986 2014 jusso.

231 2033 292 2118 At,
310 2035 476 2101 Rutulum
491 2037 651 2120 abscessu,
665 2036 795 2121 juvenis
812 2045 897 2121 tum,
910 2035 1001 2120 jussa
1018 2035 1156 2121 superba
1225 2032 1292 2100 445

233 2139 384 2224 Miratus,
404 2148 518 2227 stupet
534 2140 568 2206 in
585 2140 708 2224 Turno,
725 2161 906 2227 corpusque
921 2141 1108 2227 peringens
1164 2214 1183 2247 ·

232 2244 374 2310 Lumina
389 2245 501 2330 volvit,
519 2245 651 2330 obitque
667 2246 756 2311 truci
768 2247 882 2332 procul
897 2245 1006 2312 omnia
1023 2245 1104 2330 visu,

233 2351 371 2416 Talibus
387 2360 421 2417 et
436 2353 534 2418 dictis
550 2354 578 2418 it
594 2361 706 2418 contra
722 2353 811 2418 dicta
826 2353 978 2437 tyranni:

234 2455 339 2520 “Aut
356 2457 465 2542 spoliis
481 2479 539 2544 ego
551 2457 622 2542 jem
638 2456 742 2543 raptis
757 2457 915 2522 laudabor
930 2456 1057 2542 opimis,

234 2562 256 2594 “
269 2563 342 2627 Aut
357 2564 423 2628 leto
438 2561 559 2650 insigni
568 2585 577 2647 ;
603 2566 681 2631 sorti
696 2573 792 2651 pater
807 2586 930 2650 aequus
947 2563 1078 2647 utrique
1094 2569 1154 2628 est.
1225 2561 1295 2628 450

235 2667 255 2700 “
269 2667 360 2733 Tolle
377 2667 512 2736 151551.υ
559 2670 665 2736 Fatus
681 2671 826 2735 medium
842 2669 987 2754 procedit
1003 2668 1037 2732 in
1053 2688 1180 2752 aequor.

233 2774 385 2859 Frigidus
401 2775 583 2841 Arcadibus
599 2776 664 2842 coit
679 2777 715 2842 in
729 2776 915 2862 praecordia
932 2774 1070 2860 sanguis.

235 2879 377 2944 Desiluit
394 2879 525 2946 Turnus
541 2881 678 2968 bijugis:
704 2882 802 2967 pedes
818 2889 957 2967 apparat
972 2880 1018 2944 ire

236 2983 434 3051 Comminus.
482 2985 597 3071 thue
605 2988 673 3071 deo,
691 2987 824 3072 “specula
841 3009 942 3072 quum
959 2986 1041 3050 vidit
1058 2985 1100 3050 ab
1116 2985 1185 3049 alta

237 3090 328 3156 Stare
344 3091 456 3175 procul
472 3093 594 3176 campis
610 3093 827 3158 meditantem
842 3092 877 3156 in
893 3092 1012 3177 proelia
1030 3099 1172 3174 taurum,
1229 3089 1296 3156 455

235 3194 402 3262 Advolat:
428 3196 516 3261 baud
532 3197 597 3261 5115
613 3203 661 3262 est
680 3197 784 3260 Turni
799 3195 960 3260 venientis
976 3195 1093 3280 imago.

235 3300 335 3366 Hunc
351 3303 410 3368 ubi
425 3303 618 3388 contiguum
634 3303 751 3369 missae
766 3303 831 3368 fore
848 3299 985 3366 credidit
1001 3301 1125 3384 hastae,

236 3407 287 3472 Ire
304 3409 389 3493 prior
405 3408 525 3493 Pallas,
543 3409 571 3474 si
586 3430 652 3494 qua
667 3409 732 3474 fors
747 3407 883 3493 adjuvet
899 3428 1018 3471 ausum

236 3513 371 3580 Viribus
386 3514 576 3599 imparibus,
594 3536 814 3601 magnumque
829 3514 878 3578 ita
893 3513 935 3577 ad
952 3512 1084 3576 aethera
1100 3509 1190 3575 fatur
1204 3531 1211 3576 :

238 3617 258 3650 “
273 3619 337 3682 Per
351 3619 454 3704 patris
469 3619 649 3705 hospitium
666 3627 699 3684 et
714 3641 853 3702 mensas,
871 3638 952 3702 ques
968 3617 1093 3681 advena
1109 3615 1220 3699 adisti,
1232 3613 1299 3679 460

238 3721 258 3754 “
270 3722 317 3786 'Pe
334 3744 454 3808 precor,
471 3723 598 3808 Alcide,
616 3724 738 3810 coeptis
753 3722 941 3809 ingentibus
958 3720 1061 3786 adsis!

238 3826 393 3894 “Cernat
410 3827 564 3892 semineci
580 3829 710 3893 sibime
726 3848 836 3914 rapere
853 3847 943 3890 arma
960 3830 1107 3906 cruenta,

239 3931 260 3964 “
273 3931 504 4018 victoremque
519 3933 628 4030 ferant
643 3933 818 3999 morientia
833 3931 961 3996 lumina
979 3929 1113 3995 Turni.”
