2898 4518
491 330 663 377 Auunmos
686 331 751 378 lus.
781 331 837 378 vn.

122 491 306 557 Tartareae
322 497 527 557 monstrum:
552 497 603 556 tot
619 512 688 556 sese
703 490 804 555 vertit
819 490 854 555 in
869 512 936 573 ora,

123 595 213 660 'l'am
229 617 347 661 saevae
362 594 473 680 facies,
490 602 541 660 tot
556 595 701 680 pullulat
717 603 790 660 atra
806 595 954 661 colubris.

8 693 10 720 ¹
122 701 235 781 Quam
251 700 344 766 Juno
358 700 409 765 his
425 700 516 764 acuit
531 701 646 783 verbis,
664 723 702 766 ec
719 700 799 766 talia
813 700 922 766 fatur:
1128 698 1194 764 330

122 805 143 836 “
157 804 263 869 Hunc
279 802 362 868 'mihi
377 804 420 868 da
435 804 612 889 proprium,
630 804 719 890 virgo
736 813 808 870 sata
825 804 942 888 Nocte,
961 805 1116 890 laborem,

123 908 145 940 “
160 906 262 971 Hanc
279 928 424 991 operam,
442 927 483 970 ne
499 915 608 971 noster
623 908 723 972 honos
739 908 918 972 infractave
934 909 1030 973 cedat

123 1014 270 1078 “Fama
285 1013 367 1098 loco,
383 1034 449 1076 neu
465 1012 633 1078 connubiis
649 1014 771 1078 ambire
789 1013 949 1078 Latinum

125 1119 342 1184 “Aeneadae
358 1118 484 1204 possint
501 1118 643 1184 italosve
659 1119 804 1184 obsidere
820 1119 909 1185 fines.

124 1224 145 1255 “
158 1225 214 1288 Tu
230 1230 323 1309 potes
338 1223 511 1288 unanimos
527 1244 652 1287 armare
667 1222 703 1287 in
718 1223 837 1308 proelia
852 1223 979 1306 fratres,
1127 1223 1192 1288 335

123 1331 144 1361 “
162 1329 282 1412 Atque
297 1328 379 1394 odiis
395 1349 520 1392 versare
536 1328 658 1411 domos,
675 1335 715 1392 tu
730 1329 862 1392 verbera
879 1327 977 1392 tectis

123 1435 143 1468 “
157 1435 392 1519 Funereasque
406 1433 523 1497 inferre
538 1433 647 1515 faces3
672 1433 734 1497 tibi
750 1433 882 1498 nomina
898 1433 997 1518 mille,

125 1541 257 1604 “Mille
273 1538 412 1604 nocendi
428 1547 534 1604 artes:
559 1537 738 1603 fecundum
755 1548 893 1605 concute
908 1547 1034 1626 pectus,

125 1646 146 1677 “
160 1644 287 1729 Disjice
303 1644 518 1729 compositam
532 1664 658 1730 pacem,
676 1665 742 1708 sere
758 1644 896 1710 crimina
912 1645 1011 1726 belli3

124 1752 269 1816 “Arma
283 1749 363 1814 velit
379 1757 557 1834 poscatque
573 1749 671 1814 simul
686 1749 856 1836 rapiatque
867 1750 1046 1835 juventus!
1059 1752 1078 1779 '¹
1125 1747 1191 1814 340

193 1854 285 1919 Exin
302 1853 482 1940 Gorgoneis
498 1853 627 1918 Allecto
642 1852 764 1918 infecta
779 1855 911 1920 venenis

123 1959 295 2044 Principio
311 1958 447 2024 Latium
462 1964 495 2022 et
512 1957 686 2024 Laurentis
702 1965 792 2023 tecta
808 1958 941 2042 tyranni

123 2067 224 2132 Celsa
239 2065 334 2150 petit,
352 2065 557 2149 tacitumque
572 2064 700 2129 obsedit
715 2064 816 2128 limen
831 2064 984 2146 Amatae,

123 2173 236 2252 Quam
253 2191 349 2256 super
363 2171 508 2235 adventu
525 2169 689 2234 Teucrum
706 2168 874 2253 Turnique
889 2167 1077 2253 hymenaeis

121 2276 301 2341 Femineae
317 2276 487 2340 ardentem
503 2295 662 2359 curaeque
678 2273 808 2359 iraeque
825 2273 1017 2358 coquebant.
1125 2271 1189 2340 345

123 2381 215 2445 Huic
232 2381 293 2444 dea
308 2380 465 2444 caeruleis
480 2401 585 2444 unum
599 2381 639 2445 de
655 2379 799 2445 crinibus
814 2401 957 2466 anguem

123 2484 281 2569 Oonjicit,
298 2483 397 2568 inque
414 2483 523 2548 sinum
539 2484 725 2569 praecordia
741 2485 783 2550 ad
799 2484 917 2550 intima
933 2484 1055 2570 subdit,

123 2592 198 2671 Quo
213 2590 389 2656 furibunda
404 2590 539 2655 domum
555 2598 699 2655 monstro
715 2590 908 2676 permisceat
923 2611 1062 2657 omnem.

123 2695 198 2776 Ille,
215 2693 303 2758 inter
319 2702 425 2759 vestes
441 2701 475 2758 et
491 2693 576 2758 levia
591 2704 721 2778 pectora
736 2695 858 2780 lapsus,

122 2799 281 2864 Volvitur
297 2808 427 2865 attactu
441 2799 532 2864 nullo
547 2800 698 2885 fallitque
714 2800 888 2886 furentem,
1122 2801 1188 2866 350

122 2905 302 2991 Vipeream
317 2905 478 2992 inspirans
490 2905 653 2972 animam:
679 2906 718 2971 fit
733 2907 846 2972 tortile
862 2908 944 2973 collo

122 3010 256 3075 Aurum
272 3010 385 3096 ingens
401 3011 541 3094 coluber,
557 3010 597 3074 fit
612 3010 727 3096 longae
744 3011 853 3077 taenia
868 3011 983 3094 vittae,

122 3114 337 3199 Innectitque
354 3137 471 3198 comas,
490 3123 524 3180 et
540 3116 691 3181 membris
707 3116 851 3182 lubricus
867 3123 962 3182 errat.

122 3221 175 3284 Ac
192 3221 274 3283 dum
289 3220 395 3305 prima
410 3220 479 3284 lues
495 3221 561 3285 udo
575 3220 729 3306 sublapsa
744 3242 868 3287 veneno

123 3325 302 3387 Pertentat-
318 3344 445 3406 sensus,
463 3331 563 3408 atque
580 3324 704 3390 ossibus
719 3325 869 3409 implicat
885 3324 1005 3408 ignem,
1120 3323 1185 3391 355

122 3427 277 3491 Necdum
294 3427 422 3492 animus
440 3435 510 3492 toto
526 3428 671 3514 percepit
687 3418 816 3514 pectore
832 3427 1022 3508 fiammam;

123 3533 256 3598 Mallius
272 3541 305 3598 et
322 3534 416 3598 solito
430 3541 575 3598 matrum
590 3535 631 3599 de
646 3555 733 3598 more
748 3535 886 3617 loquuta
902 3538 963 3616 est,

122 3638 236 3702 Multa
251 3647 462 3723 supernates
478 3639 650 3704 lacrimans
667 3637 882 3724 Phrygiisque
897 3637 1103 3722 hymenaeis:

122 3743 143 3775 “
157 3741 378 3808 Exsulibusne
394 3745 493 3808 datur
507 3745 656 3809 ducenda
670 3743 808 3807 Lavinia
826 3742 968 3828 Teucris,

122 3847 184 3914 “0
201 3847 340 3935 genitor,
359 3869 417 3912 nec
434 3855 469 3913 te
485 3848 616 3914 miseret
633 3855 818 3934 gnataeque
834 3849 960 3934 tuique,
1119 3849 1185 3913 360

121 3953 143 3986 “
156 3952 226 4019 Nec
242 3951 359 4018 matris
374 3953 517 4036 miseret,
534 3953 755 4039 quamprimo
771 3953 922 4038 aquilone
939 3951 1100 4036 relinquet
