2944 4522
481 337 651 384 nunmnos
671 339 738 386 nra.
764 339 838 386 v111.
1142 319 1203 386 191

141 500 288 564 Mulcere
304 499 456 581 alternos,
473 505 508 563 et
524 520 654 583 corpora
669 497 790 582 fingere
804 499 926 584 lingua.

142 605 214 669 Nec
230 604 344 690 procul
354 603 436 668 binc
453 603 596 668 Romam
612 610 645 668 et
661 610 774 688 raptas
789 603 858 668 sine
873 624 960 668 more
978 603 1116 670 Sabinas
1140 603 1206 669 635

62 683 68 702 ’
144 707 308 774 Oonsessu
324 727 452 789 caveae,
468 705 595 792 magnis
613 705 818 771 Circensibus
834 705 927 790 actis,

143 813 341 895 Addiderat,
358 809 530 894 subitoque
545 833 667 875 novum
684 832 873 896 consurgere
887 811 1013 876 bellum

143 914 331 979 Romulidis
348 913 513 1012 Tatioque
527 915 597 980 seui
613 913 818 999 Curibusque
835 915 963 982 severis.

114 1048 116 1052 ·
145 1020 227 1084 Post
243 1020 342 1104 idem,
359 1019 446 1084 iuter
461 1039 494 1084 se
510 1019 617 1104 posito
633 1019 819 1102 certamine,
836 1041 926 1105 reges

144 1124 278 1189 Armati
293 1123 317 1189 J
318 1123 387 1189 oris
402 1131 479 1188 ante
495 1145 584 1188 aram
599 1131 795 1208 paterasque
812 1131 962 1190 tenentes
1140 1123 1206 1190 640

146 1231 290 1296 Stabant
305 1237 339 1294 01
355 1250 448 1294 caesa
458 1228 643 1315 jungebant
659 1229 788 1294 foedera
803 1251 908 1314 porea.

145 1335 247 1400 Haud
262 1335 376 1420 procul
390 1334 466 1399 inde
483 1335 567 1399 citae
584 1334 714 1400 Metum
728 1335 763 1399 in
778 1335 904 1402 diversa
920 1335 1095 1422 quadrigae

146 1441 404 1505 Distulerant·at
419 1446 459 1504 tu
474 1439 582 1523 dictis,
600 1439 739 1523 Albane,
756 1461 901 1506 maneres
913 1446 950 1526 1-,
978 1497 981 1504 .

146 1545 381 1630 Raptabatque
397 1544 458 1608 viri
472 1543 637 1610 mendacis
652 1544 774 1610 viscera
787 1546 903 1612 'Pullus

146 1650 209 1714 Per
224 1649 352 1734 silvam,
369 1657 403 1714 01
420 1649 523 1734 sparsi
537 1650 688 1714 rorabant
704 1651 860 1737 sanguine
876 1673 996 1738 vepres.
1142 1650 1208 1718 645

145 1755 215 1819 1100
232 1777 298 1820 non
316 1753 536 1839 Tarquinium
552 1754 693 1839 ejectum
710 1755 875 1821 Porsenna
886 1756 1027 1840 jubebat

145 1858 313 1943 Accipere,
330 1857 521 1944 ingentique
537 1859 652 1923 urbem
667 1860 831 1926 obsidione
848 1862 1039 1947 premebat;

144 1961 320 2026 Aeneadae
336 1961 371 2025 in
386 1962 508 2026 ferrum
524 1984 581 2047 pro
598 1962 751 2028 libertate
768 1964 916 2030 ruebant.

145 2067 249 2132 Illum
263 2068 450 2154 indignanti
467 2067 607 2133 similem
623 2069 828 2154 similemque
843 2070 986 2135 minanti

144 2173 349 2259 Adspiceres,
366 2183 500 2260 pontem
516 2175 651 2239 auderet
663 2175 742 2259 quia
758 2175 873 2240 vellere
891 2174 1012 2260 (100100,
1143 2176 1209 2243 650

143 2279 190 2343 Et
205 2279 345 2342 fiuvium
360 2278 478 2343 vinclis
492 2279 622 2343 innaret
640 2279 762 2345 Oloelia
778 2280 892 2364 ruptis.

143 2385 186 2448 In
203 2404 332 2448 summo
347 2389 456 2448 custos
475 2383 633 2468 Tarpeiae
650 2383 795 2469 Manlius
811 2384 895 2450 arcis

145 2491 265 2558 Stabat
281 2510 338 2574 pro
353 2477 477 2574 templo
493 2495 527 2553 et
545 2488 709 2575 Capitolia
725 2491 811 2556 celsa
826 2489 975 2576 tenebat,

143 2595 366 2679 Romuleoque
382 2615 493 2660 recens
508 2594 658 2661 horrebat
674 2595 762 2680 regia
778 2597 894 2664 culmo

143 2700 257 2784 Atque
272 2699 325 2764 hic
341 2699 465 2765 auratis
479 2699 620 2765 volitans
636 2709 808 2786 argenteus
824 2723 918 2768 anser
1141 2705 1207 2774 655

144 2804 330 2870 Porticibus
346 2804 460 2871 Gallos
475 2805 511 2870 in
525 2805 638 2870 limine
656 2806 767 2872 adesse
783 2808 946 2892 canebat3

144 2908 235 2974 Galli
250 2931 308 2995 per
323 2909 438 2974 dumos
454 2910 600 2994 aderant,
618 2931 789 2995 arcemque
804 2913 974 2999 tenebant,

143 3013 280 3079 Defensi
294 3014 437 3079 tenebris
454 3021 487 3078 et
504 3015 588 3079 dono
604 3014 710 3080 noctis
726 3037 865 3101 opacae:

141 3120 254 3186 Aurea
269 3120 425 3186 caesaries
442 3120 512 3186 ollis
529 3127 630 3206 atque
646 3143 744 3186 aurea
760 3122 879 3205 vestis;

141 3225 289 3312 Virgatis
304 3227 415 3291 lucent
433 3227 575 3312 sagulis;
600 3234 673 3292 tum
688 3227 796 3294 lactea
812 3228 894 3294 colla
1140 3231 1206 3296 660

141 3331 234 3396 Auro
249 3331 486 3413 innectuntur;
511 3331 577 3396 duo
592 3331 731 3417 quisque
747 3333 871 3418 Alpina
887 3341 1057 3399 coruscant

141 3434 249 3501 Gaesa
264 3457 376 3520 manu,
394 3435 497 3502 scutis
512 3437 650 3522 protecti
666 3459 797 3524 corpora
812 3438 925 3523 longis.

140 3539 204 3605 Hic
221 3539 428 3605 exsultantes
445 3540 549 3607 Salios
565 3542 733 3627 nudosque
749 3541 924 3628 Lupercos,

139 3644 383 3730 Lanigerosque
399 3646 507 3732 apices
520 3654 554 3712 01
569 3647 662 3734 lapsa
677 3647 796 3712 ancilia
812 3649 898 3714 00010

139 3749 353 3830 Extuderat;
378 3757 488 3816 castae
504 3751 669 3817 ducebant
686 3773 778 3817 sacra
793 3773 850 3838 per
864 3753 980 3818 urbem
1137 3759 1203 3826 665

140 3854 277 3920 Pilentis
293 3861 417 3920 matres
432 3856 468 3921 in
482 3856 644 3925 mollibus.
692 3857 779 3924 Hinc
796 3860 909 3945 procul
924 3861 1018 3927 addit

140 3959 314 4026 Tartareas
331 3958 434 4024 etiam
450 3962 549 4044 sedes,
566 3963 635 4028 alta
651 3963 734 4030 ostia
752 3963 850 4050 Ditis,
