2898 4518
498 347 668 395 anrrrnos
691 349 756 396 rm.
782 349 841 398 vn.
1135 329 1197 394 161

134 509 383 592 Exsultantque
399 513 496 572 aestu
511 507 637 592 latices,
652 507 733 572 furit
748 508 839 573 intus
855 505 953 593 aquai

134 614 301 679 Fumidus
316 621 416 697 atque
433 613 501 677 alte
517 612 642 697 spumis
658 613 813 684 exuberat
829 613 945 696 amnis,
1131 609 1197 678 465

134 717 206 782 Neo
220 715 293 802 jam
308 738 341 782 se
356 716 447 802 capit
463 717 563 800 unda,
580 716 669 780 volat
683 737 784 801 vapor
799 724 870 781 ater
885 717 926 781 ad
943 736 1048 782 auras.

135 822 224 906 Ergo
240 821 303 886 iter
318 822 360 886 ad
376 841 485 906 regem
501 820 630 904 polluta
645 841 724 904 pace
740 819 898 884 Latinum

135 925 259 990 Indicit
275 924 387 1009 primis
399 923 569 1008 juvenum,
588 930 621 987 et
633 923 729 1008 jubet
746 945 837 988 arma
852 923 969 1008 parari,

129 1011 256 1093 'Tutari
272 1028 417 1110 Italiam,
436 1028 608 1092 detrudere
624 1027 744 1092 finibus
760 1027 907 1092 hostem:
965 1048 967 1053 ·

137 1135 180 1200 Se
196 1132 276 1198 satis
291 1133 449 1198 ambobus
467 1131 665 1216 Teucrisque
677 1131 787 1196 venire
804 1131 1004 1217 Latinisque.
1132 1133 1198 1198 470

135 1239 230 1304 Haec
246 1239 304 1304 ubi
319 1239 410 1303 dieta
425 1238 528 1322 dedit,
545 1238 700 1323 divosque
716 1238 751 1302 in
767 1248 843 1303 vota
859 1239 986 1303 vocavit
1000 1259 1009 1320 3

136 1343 300 1409 Certatim
318 1364 386 1408 sese
404 1341 522 1406 Rutuli
537 1342 753 1407 exhortantur
771 1343 806 1407 in
822 1363 929 1409 arma:

136 1449 237 1513 Hunc
253 1450 353 1513 decus
368 1447 534 1534 egregium
549 1447 670 1512 formae
687 1455 795 1512 movet
812 1456 911 1532 atque
924 1448 1091 1533 juventae,

137 1552 237 1616 Hunc
253 1552 344 1617 atavi
359 1574 459 1638 reges,
476 1551 564 1616 hunc
581 1552 674 1616 claris
691 1553 824 1617 dextera
839 1552 943 1617 factis.

205 1657 296 1722 Dum
313 1657 444 1722 Turnus
460 1657 603 1722 Rutulos
618 1657 734 1723 animis
751 1659 929 1723 audacibus
944 1659 1077 1744 implet,
1131 1654 1198 1726 475

136 1764 268 1827 Allecto
283 1763 318 1827 in
337 1762 477 1828 Teucros
495 1763 618 1849 Stygiis
635 1785 667 1828 se
684 1763 827 1828 concitat
843 1763 915 1847 alis,

136 1869 221 1933 Arte
237 1889 320 1932 nova
335 1868 504 1953 speculata
518 1869 638 1951 locum,
655 1889 719 1952 quo
733 1867 826 1932 litore
842 1868 978 1954 pulcher

136 1973 270 2038 Insidiis
286 1994 446 2058 cursuque
462 1973 545 2038 feras
560 1973 709 2059 agitabat
726 1973 829 2040 Iulus.

137 2079 203 2144 Hic
221 2079 364 2144 subitam
379 2079 514 2144 canibus
530 2079 651 2144 rabiem
669 2078 805 2163 Cocytia
821 2078 911 2164 virgo

137 2183 273 2269 objicit,
290 2191 323 2248 et
340 2191 417 2249 noto
433 2205 525 2249 nares
542 2184 705 2270 contingit
721 2184 828 2266 odore,
1132 2183 1199 2250 480

137 2291 190 2356 Ut
207 2311 337 2355 cervum
352 2291 503 2355 ardentes
518 2297 670 2376 agerent:
697 2311 779 2374 quae
795 2288 902 2374 prima
917 2289 1066 2354 laborum

138 2398 247 2462 Causa
261 2393 335 2480 fuit,
353 2395 503 2480 belloque
519 2395 645 2461 animos
661 2395 810 2461 accendit
825 2403 976 2481 agrestes.
997 2461 1002 2486 ,

138 2501 264 2567 Cervus
279 2505 347 2563 erat
361 2499 466 2565 forma
481 2499 663 2585 praestanti
678 2506 712 2564 et
729 2500 879 2564 cornibus
894 2499 1020 2586 ingens,

138 2605 318 2691 Tyrrhidae
333 2604 426 2690 pueri
441 2626 539 2690 quem
554 2603 670 2669 matris
685 2605 728 2668 ab
743 2605 842 2669 ubere
859 2611 992 2689 raptum

138 2710 320 2776 Nutribant
337 2710 562 2795 Tyrrheusque
578 2717 681 2796 pater,
700 2711 753 2775 cui
768 2709 855 2796 regia
871 2719 987 2796 parent
1132 2709 1199 2778 485

138 2816 301 2881 Armenta
317 2823 350 2880 et
364 2815 426 2880 lati
441 2815 589 2880 custodia
605 2814 729 2880 credita
745 2813 862 2900 campi.

138 2920 321 2986 Assuetum
336 2918 479 3005 imperiis
495 2941 582 2984 soror
597 2919 686 2983 omni
703 2919 804 2985 Silvia
818 2941 896 2984 cura

138 3023 296 3089 Mollibus
310 3023 461 3088 intexens
477 3024 613 3088 ornabat
629 3045 749 3088 cornua
765 3024 882 3108 sertia.

138 3128 362 3213 Pectebatque
378 3128 494 3212 ferum,
512 3149 657 3214 puroque
673 3129 812 3194 insonte
827 3129 971 3195 lavabat.

137 3233 211 3316 Ille,
228 3249 363 3296 manum
378 3232 507 3317 patiens
522 3253 717 3318 mensaeque
734 3240 886 3298 assuetus
900 3233 1004 3316 herili,
1134 3230 1202 3299 490

137 3337 281 3402 Errabat
297 3336 396 3421 silvis,
414 3358 588 3422 rursusque
604 3338 646 3402 ad
661 3337 777 3402 limina
793 3344 873 3402 nota

137 3443 216 3526 Ipse
232 3440 367 3504 domum
383 3461 452 3504 sera
467 3440 618 3524 quamvis
634 3462 666 3505 se
682 3447 777 3505 nocte
792 3439 928 3506 ferebat.

137 3546 238 3610 Hunc
255 3545 368 3630 procul
384 3551 545 3608 errantem
561 3544 691 3609 rabidae
707 3543 860 3608 venantis
876 3544 942 3608 Iuli

139 3651 351 3716 Commovere
368 3670 474 3732 canes,
491 3649 590 3714 fluvio
607 3670 711 3732 quum
726 3648 808 3712 forte
826 3649 966 3714 secundo

139 3756 307 3821 Deflueret
325 3755 458 3838 ripaque
476 3761 586 3818 aestus
602 3753 763 3817 viridante
779 3753 909 3820 levaret.
1135 3753 1201 3821 495

138 3864 212 3950 lpse
228 3862 345 3944 etiam,
363 3859 500 3924 eximiae
515 3858 624 3924 laudis
639 3880 811 3924 succensus
827 3881 946 3946 amore,

137 3969 303 4037 Ascanius
319 3986 416 4030 curvo
432 3965 552 4030 direxit
568 3964 693 4049 spicula
708 3985 828 4047 comu;
949 4025 951 4029 ,
