2898 4518
254 307 319 378 170
609 333 781 380 rnumnos
804 336 869 383 nra.
894 336 954 384 vn.

253 489 340 554 Tum
357 497 451 576 pater
465 491 681 578 omnipotens,
694 494 837 579 aliquem
849 494 1040 581 indignatus
1056 497 1098 561 ab
1110 496 1233 562 umbris
1246 492 1314 564 770

252 593 424 659 Mortalem
440 595 573 662 infernis
588 599 631 662 ad
646 597 772 663 lumina
788 620 916 684 surgere
932 599 1030 683 vitae,

251 699 327 784 Ipse
345 709 537 785 repertorem
552 702 730 768 medicinae
745 703 824 769 talis
840 711 874 768 et
889 703 970 769 artis

251 805 403 872 Fulmine
421 807 663 892 Phoebigenam
681 809 810 894 Stygias
826 809 967 874 detrusit
983 811 1025 874 ad
1040 811 1154 877 undas.

251 910 300 975 At
317 911 429 976 Trivia
444 912 667 998 Hippolytum
684 913 815 980 secretis
830 915 918 978 alma
934 915 1080 980 recondit

253 1015 401 1100 Sedibus,
419 1025 453 1082 et
468 1019 633 1103 nymphae
649 1019 786 1104 Egeriae
802 1019 987 1103 nemorique
1005 1021 1136 1105 relegat,
1244 1017 1312 1087 775

253 1119 347 1186 Solus
363 1122 420 1186 ubi
436 1121 471 1186 in
487 1123 575 1188 silvis
591 1123 687 1188 Italis
702 1124 851 1209 ignobilis
867 1145 983 1188 aevum
1010 1176 1016 1186 .

251 1226 415 1312 Exigeret,
433 1248 586 1313 versoque
601 1229 659 1293 ubi
674 1229 802 1294 nomine
819 1228 953 1293 Virbius
970 1236 1065 1294 esset.

252 1331 349 1398 Unde
365 1333 467 1398 etiam
482 1335 606 1420 templo
623 1333 751 1398 Triviae
766 1333 913 1418 lucisque
931 1333 1066 1398 sacratis

252 1437 447 1524 Cornipedes
463 1447 615 1506 arcentur
632 1439 717 1525 equi,
734 1441 821 1524 quod
835 1440 930 1505 litore
946 1460 1086 1536 currum,

250 1543 297 1608 Et
308 1543 464 1628 juvenem
479 1545 632 1611 monstris
647 1545 758 1632 pavidi
773 1544 913 1610 effudere
929 1545 1072 1612 marinis.
1244 1542 1312 1612 780

250 1648 356 1713 Filius
372 1650 522 1715 ardentes
537 1651 627 1716 haud
643 1649 746 1716 secius
762 1671 898 1736 aequore
914 1649 1022 1735 campi

251 1753 432 1818 Exercebat
446 1775 554 1838 equos,
573 1777 734 1840 curruque
748 1755 783 1820 in
798 1755 883 1820 bella
899 1755 1021 1821 ruebat.

317 1859 393 1943 Ipse
408 1859 494 1924 inter
510 1861 630 1946 primos
646 1860 826 1946 praestanti
842 1881 971 1945 corpore
988 1859 1120 1924 Turnus

252 1962 403 2028 Vertitur
417 1986 507 2029 arma
522 1973 648 2050 tenens,
666 1973 699 2030 et
715 1973 786 2030 toto
802 1967 921 2030 vertice
938 1987 1035 2050 supra
1050 1972 1118 2030 est:

252 2067 316 2133 eui
330 2068 453 2154 triplici
468 2069 585 2136 crinita
597 2069 679 2155 juba
695 2071 786 2156 galea
802 2070 1097 2136 altaOhimaeram
1245 2065 1312 2135 785

253 2172 411 2257 Sustinet,
428 2173 592 2240 Aetnaeos
609 2173 775 2239 efflantem
789 2173 940 2240 faucibus
955 2173 1074 2259 ignes:

253 2277 338 2341 Tam
353 2277 457 2364 magis
472 2277 529 2342 illa
543 2278 685 2344 fremens
701 2287 734 2344 et
750 2279 900 2344 tristibus
915 2277 1011 2342 effera
1026 2275 1180 2360 flammis,
1240 2301 1248 2310 ·

252 2382 359 2462 Quam
375 2382 480 2468 magis
495 2381 597 2448 effuso
614 2385 808 2448 crudescunt
827 2381 985 2468 sanguine
1002 2400 1163 2467 pugnae-3

251 2489 300 2553 At
315 2489 419 2552 levem
435 2489 577 2574 clipeum
594 2490 731 2554 sublatis
747 2488 898 2554 cornibus
914 2489 951 2552 Io

250 2595 340 2658 Auro
355 2595 543 2680 insignibat,
558 2595 628 2680 jam
645 2597 721 2660 setis
737 2596 852 2679 obsita,
865 2594 1020 2680 jambos,
1244 2587 1311 2656 790

133 2736 134 2739 ¹
249 2699 494 2784 Argumentum
510 2699 635 2786 ingens,
653 2709 686 2766 et
704 2708 812 2766 custos
827 2699 961 2786 virginis
977 2698 1097 2783 Argus,

250 2803 449 2888 Caelataque
465 2827 598 2869 amnem
612 2805 750 2870 fundens
766 2813 862 2891 pater
878 2803 1021 2869 Inachus
1031 2821 1128 2866 urna.

249 2908 439 2993 Insequitur
455 2909 586 2974 nimbus
601 2910 761 2995 peditum,
780 2909 983 2994 clipeataque
1000 2905 1078 2970 totis

249 3014 393 3100 Agmina
408 3015 586 3080 densentur
602 3015 734 3101 campis,
753 3015 940 3101 Argivaque
957 3013 1060 3098 pubes

248 3121 488 3204 Auruncaeque
503 3142 630 3204 manus,
649 3121 777 3205 Rutuli,
795 3129 982 3204 veteresque
1000 3115 1120 3198 Sicani,
1243 3110 1307 3186 795

248 3226 295 3290 Et
314 3226 476 3292 Sacranae
492 3225 587 3309 acies,
605 3231 639 3288 et
655 3223 738 3310 picti
753 3232 845 3290 scuta
861 3222 997 3288 Labici:

249 3329 314 3410 Qui
329 3331 443 3415 saltus,
462 3329 623 3415 Tiberine,
641 3337 716 3395 tuos
733 3350 924 3414 sacrumque
941 3325 1075 3390 Numici

249 3437 344 3502 Litus
360 3444 465 3521 arant,
484 3438 689 3522 Rutulosque
705 3442 854 3501 exercent
871 3455 999 3499 vomere
1015 3430 1112 3496 colles

250 3542 484 3627 Circaeumque
497 3543 635 3629 jugum
660 3548 732 3628 quis
748 3541 883 3627 Jupiter
899 3539 1058 3604 Anxurus
1074 3533 1160 3599 arvis

250 3645 417 3712 Praesidet
432 3655 466 3712 et
483 3648 577 3714 viridi
592 3649 738 3734 gaudens
754 3645 893 3711 Feronia
909 3645 984 3708 lucc
998 3663 1006 3724 ;
1243 3635 1308 3700 800

250 3751 321 3832 Qua
340 3752 475 3818 Saturae
488 3753 576 3837 jacet
592 3761 663 3818 atra
680 3753 787 3838 palus,
804 3750 995 3837 gelidusque
1011 3769 1068 3832 per
1083 3745 1166 3808 imas

249 3855 383 3938 Quaerit
399 3858 462 3922 iter
476 3857 578 3922 vehes
594 3867 693 3942 atque
709 3857 744 3922 in
760 3877 848 3920 mare
864 3853 1016 3920 conditur
1033 3848 1149 3916 Ufens.
1177 3909 1183 3918 .

315 3961 385 4027 Hcs
401 3983 498 4047 super
513 3962 646 4026 advenit
665 3962 784 4028 Volsca
800 3962 840 4026 de
855 3966 952 4047 gente
970 3954 1120 4038 Camilla,
