2838 4522
489 315 659 362 Anunmos
682 315 748 364 um.
772 316 794 364 1.

113 475 181 543 Nee
199 447 454 564 prids'absistit,
471 443 577 574 quain
588 483 715 562 septem
730 475 877 561 ingentia
892 475 996 542 vietor

115 581 263 669 Corpora
277 583 401 648 fundat
416 581 511 648 humi
526 589 560 648 et
571 603 745 663 numerum
760 601 837 646 oum
853 581 990 646 navibus
1007 588 1135 666 aequet.

115 688 203 754 Hine
221 695 361 775 portum
377 687 473 774 petit,
491 695 525 752 et
541 686 642 752 soeios
658 666 802 772 partitur
816 687 852 751 in
867 709 986 754 omnes.

61 815 85 863 s
112 793 200 858 Vina
215 795 327 860 bonus
343 814 427 878 quae
440 791 559 858 deinde
575 791 664 858 oadis
679 799 828 857 onerarat
843 791 980 858 Acestes
1116 792 1181 858 195

112 897 224 963 Litore
235 889 414 962 'Trinacrio
429 897 627 982 dederatque
642 896 840 962 abeuntibus
854 895 956 984 heros,

114 1001 256 1086 Dividit,
276 1009 311 1066 et
326 1001 425 1067 dietis
439 1001 619 1066 maerentia
633 995 766 1086 pectora
782 1001 906 1066 mulcet
919 1017 975 1112 ><

73 1136 76 1145 ·
112 1105 175 1173 “0
194 1106 400 1192 socii-neque
415 1087 503 1172 enim
517 1106 623 1194 ignari
638 1127 751 1172 sumus
767 1114 845 1172 ante
859 1107 1045 1189 malorum,

112 1210 173 1279 “0
191 1203 285 1298 passi
300 1211 457 1299 graviora,
474 1211 568 1278 dabit
578 1205 658 1278 deus
672 1211 724 1277 his
740 1232 869 1297 quoque
883 1212 992 1279 tinem.

112 1316 217 1382 “Vos
234 1325 271 1383 et
289 1318 470 1402 Scyllaeam
484 1317 608 1382 rabiem
623 1300 819 1403 penitiisque
835 1325 987 1384 sonantes
1114 1319 1180 1382 200

61 1430 70 1438 ”
113 1421 133 1454 “
145 1421 301 1489 Aeoestis
317 1423 476 1509 scopulos,
493 1429 599 1488 voslet
617 1422 772 1509 Cyclopia
788 1445 868 1488 saxa

114 1519 298 1614 “Experti
346 1521 509 1594 Revooate
525 1528 660 1614 animos,
677 1536 906 1614 maestumque
924 1529 1076 1594 timorem

9 1713 10 1720 ἵ
110 1631 133 1674 “
147 1631 303 1700 Μ111110;
327 1633 434 1699 forsan
450 1640 484 1698 et
500 1633 580 1698 haee
593 1611 673 1700 olim
690 1633 874 1700 meminisse
886 1632 1028 1718 juvabit.

114 1736 135 1768 “
148 1737 214 1802 Per
229 1739 335 1804 varios
346 1759 451 1823 casus,
469 1760 528 1824 per
542 1746 594 1804 tot
609 1738 796 1804 discrimina
811 1759 919 1804 rerum

116 1843 334 1910 “Tendimus
350 1845 385 1910 in'
399 1845 546 1930 Latium,
564 1845 804 1911 sedesubifata
819 1846 948 1930 quietas
1113 1845 1179 1911 205

115 1948 136 1982 “
147 1950 364 2043 Osteqdunt:
388 1951 521 2016 illicias
537 1973 634 2038 regna
651 1972 815 2038 resurgere
832 1951 953 2036 Trojee,
1008 1985 1014 2001 ι
1070 1999 1073 2008 .
1106 1983 1113 2003 ·v
1174 1970 1183 2004 x

116 2054 143 2100 “·
153 2055 296 2142 Durate,
310 2064 344 2122 et
359 2064 486 2122 vosmet
501 2055 595 2122 rebus
612 2064 737 2122 servate
753 2057 931 2122 secundis.”

116 2160 214 2226 Talia
224 2153 308 2227 'iooe
324 2161 420 2228 refert
435 2182 444 2244 ;
469 2161 617 2246 curisque
634 2159 824 2246 ingentibus
835 2181 935 2245 aeger

117 2265 218 2352 Spem
233 2267 329 2332 vultu
346 2267 490 2350 simulat,
508 2265 628 2352 premit
640 2265 748 2330 altum
764 2263 857 2330 corde
871 2263 1022 2330 dolorem.

115 2369 172 2436 Illi
187 2393 221 2438 se
234 2373 372 2459 praedae
388 2371 565 2457 aeoingunt
580 2371 785 2458 dapibusque
801 2370 945 2438 futuris:
1115 2370 1180 2435 210

118 2477 261 2565 Tergora
277 2470 443 2564 deripiunt
459 2476 556 2543 costis
573 2485 606 2542 et
623 2477 746 2543 viscera
759 2478 909 2560 nudant;

118 2583 200 2649 Pars
216 2583 251 2648 in
266 2583 370 2648 frusta
385 2590 496 2648 secant
512 2582 706 2668 veribusque
722 2583 896 2649 trementia
910 2575 1035 2669 figtmt3

116 2686 228 2753 Litore
244 2695 330 2752 aena
345 2688 456 2753 locant
471 2687 527 2752 alii
542 2687 755 2773 flammasque
770 2687 969 2756 ministrant.

119 2791 210 2857 Tum
225 2791 317 2881 viotu
333 2800 487 2858 revocant
498 2793 592 2877 vires,
607 2791 736 2879 fusique
751 2815 809 2879 per
822 2793 957 2858 herbam
976 2781 984 2802 '

117 2896 309 2983 Implentur
320 2897 437 2962 veteris
455 2897 577 2963 Baeohi
593 2882 788 2984 pinguisque
804 2898 932 2964 ferinae.
1113 2898 1179 2964 215

116 3001 301 3087 Postquam
318 3009 448 3066 exemto
462 3003 565 3068 fames
581 3001 696 3088 epulis,
714 3025 910 3089 mensaeque
926 3010 1090 3086 remotae;

116 3105 267 3172 Amissos
281 3107 377 3192 longo
393 3107 493 3172 socios
504 3120 650 3172 sermone
665 3109 844 3194 requirunt,

118 3211 284 3296 Spemque
300 3218 490 3296 metumque
505 3212 594 3277 iuter
610 3212 710 3296 dubii,
725 3235 783 3278 seu
797 3213 902 3278 vivere
918 3212 1063 3296 credant,

117 3317 196 3384 Sive
212 3324 358 3382 extrema
373 3317 445 3402 peti
459 3339 519 3383 nec
530 3317 601 3402 jem
617 3318 769 3383 exaudire
785 3325 923 3384 vocatos.

116 3399 297 3507 Praecipue
311 3422 386 3509 pius
401 3421 531 3488 Aeneas
546 3444 633 3488 nuno
650 3423 732 3488 aeris
751 3422 877 3507 Oronti,
913 3449 918 3458 ·
1113 3423 1179 3486 220

116 3527 217 3592 Nune
233 3527 354 3612 Amyci
369 3549 482 3594 casum
498 3528 600 3616 gemit
616 3537 650 3594 et
666 3529 810 3594 crudelia
826 3549 936 3594 seeum

115 3632 206 3698 Fata
221 3632 313 3718 Lyci,
329 3633 514 3719 fortemque
531 3633 639 3719 Cyan,
656 3633 839 3719 fortemque
857 3634 1066 3702 Cloanthum.

185 3739 232 3804 Et
243 3739 315 3824 jam
331 3739 408 3804 finis
424 3747 503 3822 erat,
521 3759 625 3824 quum
640 3739 785 3824 Jupiter,
802 3740 931 3804 aethere
948 3761 1075 3805 summo

117 3842 309 3931 Despioiens
325 3863 414 3907 mare
430 3843 604 3908 velivolum
620 3851 784 3929 terrasque
796 3842 942 3928 jacentes

118 3945 296 4034 Litoraque
313 3955 348 4010 et
359 3948 445 4012 latos
461 3948 607 4032 populos,
625 3948 669 4014 sio
684 3947 804 4013 vertice
820 3947 901 4012 coeli
1113 3947 1179 4014 225

290 4047 328 4103 1*
961 4067 965 4075 .
