2898 4518
527 337 698 385 Annnlnos
721 339 787 387 LIB.
813 339 860 386 VI.

160 499 235 565 Vix
251 500 331 564 adeo
347 455 492 583 agnovit
502 495 706 582 pavitantem
722 505 756 563 et
771 498 841 564 dira
856 505 1025 584 tegentem

157 604 341 690 Supplicia,
359 610 394 667 et
410 601 497 666 notis
513 602 690 687 compellat
705 603 837 669 vocibus
852 605 957 670 ultro:

155 710 180 744 “
195 709 369 795 Deiphobe
386 707 598 792 armipotens,
611 729 714 793 genus
729 709 796 773 alto
812 731 832 772 5
848 709 1005 795 sanguine
1019 709 1148 795 Teucri,
1161 712 1229 778 500

156 814 179 850 “
195 815 367 896 Quietem
383 813 529 878 crudeles
544 813 673 898 optavit
688 809 814 879 sumere
830 818 977 900 poenas?

155 921 177 953 “
193 920 261 986 Oui
278 927 411 985 tantum
425 919 466 983 de
482 918 658 985 telicuit?
706 919 791 984 Mihi
807 920 895 984 fama
910 943 1060 1007 suprema

155 1027 177 1058 “
192 1025 305 1090 Nocte
321 1023 400 1088 tulit
415 1023 536 1088 fessum
550 1031 645 1088 vasta
660 1031 694 1088 te
710 1025 807 1089 caede
824 1025 1002 1112 Pelasgum

155 1130 177 1162 “
194 1128 410 1194 Procubuisse
426 1148 524 1212 super
538 1126 690 1192 confusae
706 1129 823 1214 stragis
838 1150 999 1197 acervum.

154 1234 179 1268 “
194 1234 293 1298 Tunc
310 1239 436 1318 egomet
452 1233 621 1297 tumulum
637 1232 783 1298 Rhoeteo
797 1233 833 1298 in
847 1233 941 1299 litore
956 1233 1090 1301 inanem
1157 1239 1223 1305 505

155 1341 178 1374 “
194 1339 375 1424 Constitui,
393 1346 427 1403 et
442 1359 563 1424 magna
578 1338 694 1405 Manes
709 1345 761 1404 ter
776 1361 853 1405 voce
868 1341 989 1408 rocavi.

154 1445 324 1511 “Nomen
341 1453 374 1510 et
390 1466 481 1509 arma
496 1445 604 1510 locum
620 1452 769 1527 servant3
793 1453 838 1531 te,
855 1447 969 1532 amice,
986 1448 1119 1534 nequivi

154 1551 178 1584 “
195 1550 388 1637 Oonspicere
404 1560 437 1617 et
453 1550 562 1636 patria
577 1551 734 1615 decedens
750 1573 867 1636 ponere
882 1554 1000 1620 terra.”

154 1655 214 1720 Ad
230 1676 315 1740 quae
331 1656 535 1722 Priamides:
563 1653 692 1719 “Nihil
708 1677 726 1720 0
741 1655 804 1721 tibi
820 1657 923 1722 amice
939 1658 1115 1725 relictum:

153 1761 178 1794 “
194 1760 317 1827 Omnia
333 1761 507 1849 Deiphobo
523 1760 648 1827 solvisti
663 1768 696 1826 et
711 1761 833 1826 funeris
849 1763 981 1830 umbris.
1155 1766 1221 1832 510

154 1866 179 1898 “
198 1865 262 1930 Sed
278 1887 331 1932 me
347 1867 417 1932 fata
433 1887 507 1931 11155
523 1873 557 1931 51
573 1865 676 1931 scelus
692 1865 823 1930 exitiale
838 1866 1008 1932 Lacaenae

62 2039 68 2052 ,
153 1968 256 2035 “His
272 1992 409 2036 mersere
425 1970 538 2052 malis;
562 1970 620 2034 1115
635 1969 714 2034 haec
729 1977 944 2035 monumenta
959 1971 1099 2056 reliquit.

153 2075 178 2108 “
194 2074 348 2159 Namque
363 2083 404 2140 ut
419 2095 607 2160 supremam
621 2073 703 2138 falsa
717 2073 805 2138 inter
819 2074 939 2158 gaudia
954 2082 1086 2140 noctem

156 2177 180 2211 “
193 2178 377 2265 Egerimus,
394 2179 501 2261 nosti3
526 2185 560 2243 et
575 2177 719 2243 nimium
734 2176 919 2242 meminisse
935 2197 1063 2243 necesse
1080 2186 1138 2245 est.

152 2283 177 2316 “
191 2283 302 2364 Quum
316 2283 427 2349 fatalis
443 2305 547 2369 equus
563 2283 651 2348 saltu
667 2304 762 2369 super
778 2282 879 2346 ardua
894 2285 985 2347 venit
1152 2287 1217 2352 515

154 2386 178 2420 “
189 2388 361 2474 Pergama,
379 2395 413 2453 et
430 2396 596 2452 armatum
611 2388 757 2473 peditem
773 2385 881 2474 gravis
897 2387 1013 2452 attulit
1031 2387 1104 2454 alvo
1118 2409 1127 2471 ;

152 2493 175 2526 “
188 2494 267 2577 Illa,
285 2494 417 2560 chomm
433 2494 604 2579 simulans,
621 2501 754 2559 evantes
770 2493 857 2580 orgia
872 2495 995 2560 circum

153 2598 341 2665 “Ducebat
358 2599 530 2685 Phrygias,
546 2599 713 2664 flammam
730 2600 838 2665 media
852 2600 924 2686 ipsa
939 2601 1073 2667 tenebat

153 2703 175 2737 “
185 2705 371 2790 Ingentem,
390 2711 424 2769 et
440 2725 569 2769 summa
585 2704 718 2770 Danaos
734 2726 775 2769 ex
790 2726 862 2769 arce
878 2706 1024 2772 vocabat.

152 2809 279 2875 “Tum
293 2832 346 2875 me
362 2810 547 2876 confectum
563 2809 648 2875 curis
664 2830 839 2895 somnoque
855 2819 1027 2896 gravatum
1149 2813 1214 2878 520
1291 2801 1294 2808 ’

152 2915 175 2948 “
190 2915 311 2980 Infelix
325 2915 443 2982 habuit
459 2915 635 2999 thalamus,
653 2915 834 3001 pressitque
845 2915 1012 3000 jacentem

151 3020 173 3052 “
187 3002 302 3086 Dulcis
319 3027 351 3086 ct
368 3021 437 3086 alta
452 3020 555 3107 quies,
572 3020 783 3106 placidaeque
800 3021 964 3086 simillima
981 3021 1089 3089 morti.

151 3126 173 3159 “
187 3126 327 3212 Egregia
342 3126 467 3191 interea
482 3126 602 3211 conjux
617 3147 708 3190 arma
723 3125 832 3191 omnia
847 3126 944 3192 tectis

149 3233 173 3268 “
186 3233 340 3318 Amovet,
354 3241 388 3297 et
402 3233 506 3298 fidum
522 3232 624 3318 capiti
639 3233 840 3297 subduxerat
856 3253 967 3296 ensem
980 3251 988 3311 ;

149 3337 172 3372 “
190 3337 283 3402 Intra
300 3345 387 3403 tecta
402 3345 498 3403 vocat
514 3337 701 3402 Menelaum
718 3345 750 3401 51
766 3337 879 3402 limina
894 3336 1022 3421 pandit,
1146 3340 1211 3407 525

148 3444 172 3477 “
188 3443 320 3510 Scilicet
334 3444 370 3510 id
384 3465 543 3528 magnum
559 3463 690 3529 sperans
705 3442 771 3506 fore
787 3463 908 3522 munus
924 3442 1060 3525 amanti,

148 3549 171 3583 “
186 3549 233 3614 Et
247 3549 374 3614 famam
390 3549 555 3635 exstingui
570 3556 719 3613 veterum
735 3547 779 3612 sic
796 3569 888 3632 posse
904 3548 1074 3615 malorum.

148 3655 171 3688 “
189 3654 274 3735 Quid
290 3655 426 3718 moror?
474 3653 667 3737 Irrumpunt
683 3650 828 3715 thalamo
843 3671 851 3732 ;
876 3672 981 3717 comes
997 3652 1129 3719 additur
1144 3676 1210 3720 una

147 3759 169 3794 “
181 3759 341 3826 Hor-tator
356 3759 512 3824 scelerum
528 3755 688 3822 Aeolides.
738 3753 792 3840 Di,
811 3755 890 3819 talia
907 3755 1016 3822 Graiis

145 3866 167 3899 “
178 3866 384 3948 instaurate,
401 3863 455 3948 pio
470 3862 498 3928 si
513 3882 633 3948 poenas
649 3881 702 3927 ore
717 3881 847 3946 reposco
862 3866 869 3928 t
1140 3864 1209 3930 530

141 3971 242 4042 “Sed
258 3978 295 4036 te
312 3967 372 4054 qui
388 3967 500 4032 vivum
516 3987 620 4050 casus,
636 3985 697 4053 age
710 3965 778 4030 fare
793 3964 948 4051 vicissim,
