2944 4522
514 341 684 388 saxnrnos
708 297 772 389 ira.
797 343 841 390 xr.
1147 323 1213 389 265

148 503 322 572 'Insultans
339 503 476 588 sonipes,
494 509 529 566 et
545 502 660 587 pressis
676 509 804 588 pugnat
819 501 953 566 habenis
1148 501 1214 566 600

153 609 229 674 Huc
245 610 399 674 obversus
415 615 449 672 et
464 607 549 690 huc;
574 615 648 673 tum
663 607 730 670 late
745 607 865 672 ferreus
880 606 984 672 hastis

153 713 273 779 Horret
289 735 375 798 ager,
393 712 564 796 campique
580 711 677 776 armis
694 712 886 777 sublimibus
903 712 1026 779 ardent.

154 817 222 883 Nec
239 841 304 884 non
320 817 493 902 Messapus
509 823 622 882 contra
638 817 819 902 celeresque
835 816 948 882 Latini

154 925 199 988 Et
217 923 409 991 cumfratre
427 922 525 988 Coras
542 930 576 987 et
592 922 725 1008 virginis
741 923 794 987 ala
811 922 970 988 Camillae

154 1028 294 1093 Adversi
309 1050 424 1114 campo
440 1034 609 1112 apparent,
627 1027 802 1111 hastasque
817 1025 962 1092 reductis
1150 1027 1215 1112 605

155 1133 360 1198 Protendunt
375 1133 471 1217 longe
487 1131 612 1196 dextris
629 1139 663 1196 et
680 1131 805 1217 spicula
817 1130 959 1214 vibrant,

154 1239 391 1322 Adventusque
407 1238 512 1302 virum
527 1236 741 1322 fremitusque
757 1237 897 1302 ardescit
914 1257 1079 1322 equorum.

154 1343 298 1427 Jamque
313 1343 401 1408 intra
412 1341 541 1426 jactum
556 1341 615 1405 teli
630 1362 814 1427 progressus
830 1348 970 1426 uterque

155 1447 375 1529 Constiterat;
402 1446 509 1511 subito
526 1453 703 1530 erumpunt
720 1446 866 1528 clamore,
884 1445 1092 1530 furentesque

153 1553 381 1617 Exhortantur
396 1572 513 1637 equos;
536 1551 683 1615 fundunt
702 1550 801 1615 simul
817 1550 963 1636 undique
980 1552 1047 1616 tela
1150 1551 1215 1617 610

155 1658 285 1742 Crebra,
304 1657 386 1722 nivis
403 1657 479 1740 ritu,
498 1657 687 1740 coelumque
704 1656 872 1721 obtexitur
887 1658 1013 1723 umbra.
1052 1731 1062 1750 ι

156 1763 321 1829 Continuo
336 1763 478 1827 adversis
495 1761 682 1846 Tyrrhenus
698 1767 731 1825 et
749 1783 821 1826 acer
837 1761 1006 1827 Aconteus

156 1867 296 1934 Oonnixi
310 1867 481 1933 incurrunt
497 1867 609 1950 hastis,
627 1866 788 1952 primique
804 1867 934 1931 ruinam

155 1975 250 2040 Dant
266 1973 377 2040 sonitu
392 1973 530 2059 ingenti,
549 1973 775 2058 perfractaque
793 1973 1105 2060 quadrupedantum

155 2079 293 2145 Pectora
308 2079 492 2165 pectoribus
508 2086 675 2164 rumpunt.
723 2078 890 2144 Excussae
908 2077 1074 2144 Aconteus
1146 2079 1211 2146 615

153 2183 317 2248 Fulminis
332 2183 368 2248 in
382 2204 505 2248 morem
520 2192 579 2248 aut
595 2191 757 2248 tormento
773 2184 922 2268 ponderis
939 2185 1006 2250 acti

154 2287 357 2374 Praecipitat
371 2289 478 2372 longe,
495 2295 529 2352 et
545 2288 650 2352 vitam
665 2288 821 2374 dispergit
837 2289 873 2352 in
888 2310 992 2356 auras.

154 2392 333 2481 Extemplo
348 2392 501 2457 turbatae
517 2392 612 2476 acies,
629 2391 776 2476 versique
792 2393 905 2457 Latini

154 2498 322 2586 Rejiciunt
338 2519 468 2584 parmas
484 2505 517 2562 et
533 2520 632 2583 equos
648 2499 689 2563 ad
705 2499 832 2563 moenia
849 2507 991 2566 vertunt.

155 2604 255 2669 Troes
271 2611 394 2688 agunt,
419 2603 569 2689 princeps
584 2609 712 2668 turmas
729 2593 856 2668 inducit
871 2603 990 2670 Asilas.
1149 2605 1215 2671 620

154 2708 297 2793 Jamque
313 2707 576 2792 propinquabant
592 2707 692 2792 portis
707 2729 715 2789 ;
740 2729 915 2792 rursusque
931 2707 1044 2774 Latini

155 2814 339 2880 Clamorem
354 2813 486 2896 tollunt,
505 2819 537 2876 et
554 2813 664 2876 mollia
680 2814 762 2878 oolla
778 2815 968 2882 reflectunt:

154 2917 202 2982 Hi
216 2918 350 3004 firgiunt
366 2917 562 3003 penitusque
579 2917 666 2983 datis
683 2918 866 2984 referuntur
880 2920 1025 2987 habenis.

155 3023 269 3105 Qualis
284 3023 341 3088 nbi
357 3023 483 3088 alterno
499 3044 686 3107 procurrens
702 3023 831 3110 gurgite
849 3032 969 3109 pontus

152 3129 253 3193 Nunc
269 3127 335 3192 ruit
351 3128 393 3192 ad
409 3135 539 3211 terram,
558 3128 769 3213 scopulosque
785 3127 962 3214 superjacit
978 3130 1068 3194 unda
1148 3132 1214 3198 625

153 3235 328 3319 Spumeus,
345 3240 593 3317 extremamque
610 3233 683 3298 sinu
698 3234 867 3318 perfundit
883 3255 1034 3316 arenam;

151 3339 253 3404 Nunc
269 3338 401 3424 rapidus
416 3345 500 3403 retro
516 3345 616 3420 atque
631 3345 725 3403 aestu
740 3340 888 3404 revoluta
904 3339 1068 3406 resorbens

152 3445 242 3511 Saxa
256 3443 354 3528 fugit,
370 3443 515 3527 litusque
531 3444 612 3508 vado
628 3439 760 3508 labente
777 3443 941 3527 relinquit.

152 3548 213 3614 Bis
230 3547 331 3612 Tusci
347 3547 488 3612 Rutulos
504 3567 595 3632 egere
610 3547 653 3612 ad
668 3547 796 3612 moenia
810 3568 936 3630 vers0s3

151 3653 212 3718 Bis
227 3652 338 3738 rejecti
354 3652 451 3716 armis
468 3659 654 3738 respectant
671 3660 763 3737 terga
779 3660 936 3737 tegentes.
1147 3657 1212 3722 630

150 3757 266 3822 Tertia
281 3757 339 3821 sed
354 3766 528 3842 postquam
544 3757 704 3842 congressi
719 3756 754 3821 in
769 3757 901 3843 proelia,
921 3765 1008 3824 totas

149 3862 349 3948 Implicuere
363 3861 449 3926 inter
465 3881 497 3926 se
512 3861 607 3944 acies,
624 3861 768 3947 legitque
785 3861 892 3927 virum
906 3864 977 3947 vir;

149 3967 241 4032 'I'urn
256 3987 333 4032 vero
349 3972 383 4030 et
399 3966 542 4052 gemitus
558 3966 756 4032 morientum
772 3975 806 4034 et
823 3969 1030 4056 sanguinein
1046 3970 1114 4036 alto

353 4068 391 4126 12
