2944 4522
528 316 699 364 Anxumos
721 317 786 367 LIB.
812 317 859 367 xl.

234 475 391 543 Velocem
406 475 532 542 interea
548 477 673 563 superis
689 477 725 542 in
741 478 877 543 sedibus·
888 475 1000 563 Opim,

170 579 284 645 Unam
300 601 342 645 cx
357 579 538 666 virginibus
553 581 647 646 sociis
663 602 818 666 sacraque
834 589 978 664 caterva,

169 683 398 769 Compellabat
414 692 448 749 ct
463 683 524 750 1155
539 684 652 751 tristes
668 684 809 752 Latonia
824 707 917 752 voces

170 787 237 854 Ore
252 789 372 855 dabat:
399 788 421 822 “
435 788 594 855 Graditur
608 790 733 855 bellum
748 791 790 855 ad
806 791 936 857 crudele
953 791 1103 876 Camilla,
1164 793 1231 860 535

170 891 232 957 “O
249 892 347 977 virgo,
365 898 399 957 et
415 893 535 959 nostris
549 893 774 979 nequidquam
789 895 933 981 cingitur
948 895 1055 980 5111115,

169 995 190 1028 “
204 996 289 1061 Cara
304 996 388 1090 mihi
402 1005 481 1063 ante
496 999 599 1066 alias:
624 1021 728 1084 neque
744 999 833 1064 enim
848 1021 951 1065 novus
965 999 1028 1064 iste
1045 999 1173 1066 Dianae

168 1100 306 1166 “Venit
321 1123 421 1187 amor,
438 1102 612 1188 subitaque
628 1104 777 1169 animum
792 1103 964 1170 dulcedine
980 1103 1093 1170 movit.

168 1204 324 1272 “Pulsus
340 1207 381 1272 ob
396 1206 556 1274 invidiam
569 1230 669 1294 reguo
684 1207 833 1294 viresque
849 1208 1005 1294 superbas

168 1308 357 1377 “Priverno
373 1312 513 1398 antiqua
528 1313 683 1382 Metabus
699 1335 774 1379 cum
792 1315 962 1380 excederet
978 1313 1056 1379 urbe
1073 1334 1083 1396 ;
1162 1312 1229 1380 540

168 1413 371 1481 “Infantem
385 1417 515 1503 fugiens
530 1417 639 1484 media
653 1419 739 1484 inter
753 1419 876 1504 proelia
890 1419 969 1484 belli

167 1518 188 1552 “
205 1521 348 1587 Sustulit
365 1523 478 1588 exsilio
493 1523 657 1608 comitem,
673 1524 852 1609 matrisque
868 1523 996 1590 vocavit

166 1626 190 1659 “
201 1626 343 1692 Nomine
361 1629 548 1712 Casmillae,
564 1637 698 1695 mutata
713 1639 817 1716 parte,
836 1630 1018 1698 Camillam.

65 1729 72 1742 ’
166 1730 279 1818 “Ipse
296 1733 370 1799 511111
385 1731 463 1819 prae
481 1757 514 1800 se
528 1743 674 1820 portans,
687 1735 769 1822 juga
784 1737 881 1823 longa
898 1738 1033 1822 petebat

166 1837 188 1870 “
203 1838 353 1905 solorum
369 1860 562 1923 1151115111111;
585 1841 652 1906 5515
668 1840 924 1926 undiqucsaeva
939 1840 1142 1927 premebant,
1160 1838 1225 1908 545

164 1940 242 2006 “Et
259 1942 452 2009 circumfuso
467 1944 652 2010 volitabant
667 1945 772 2010 milite
789 1945 910 2012 Volsci.

166 2044 189 2078 “
202 2046 299 2132 Ecce,
316 2047 414 2133 fugae
429 2048 537 2112 medio
553 2049 690 2115 summis
706 2049 892 2114 Amasenus
907 2048 1079 2114 abundans

164 2151 186 2184 “
200 2153 383 2238 Spumabat
399 2154 495 2239 ripis:
520 2153 637 2220 tantus
654 2177 687 2221 se
703 2155 845 2220 nubibus
860 2154 964 2218 imber

163 2257 185 2290 “
199 2257 358 2343 Ruperat.
406 2259 478 2343 1115,
495 2259 606 2324 innare
622 2281 753 2344 parans,
769 2258 907 2324 infantis
921 2279 1029 2323 amore

162 2363 185 2398 “
199 2364 375 2449 Tardatur,
393 2386 530 2450 caroque
545 2365 633 2430 511511
649 2365 755 2432 timet.
804 2364 926 2432 Omnia
941 2384 1054 2430 secum
1158 2365 1225 2430 550

163 2469 184 2502 “
197 2469 352 2535 Versanti
368 2469 477 2536 subito
491 2470 547 2534 vix
561 2470 643 2535 haec
660 2469 824 2536 sententia
840 2469 945 2536 sedit:

166 2574 188 2607 “
201 2573 320 2639 Telum
336 2575 490 2660 immane,
507 2596 609 2640 manu
624 2574 734 2640 valida
749 2575 836 2660 quod
851 2574 932 2640 forte
948 2573 1081 2660 gerebat

162 2679 183 2712 “
195 2679 351 2762 Bellator,
369 2679 510 2745 solidum
525 2679 620 2745 nodis
636 2687 670 2744 et
685 2680 795 2744 robore
812 2686 914 2763 cocto,

160 2783 282 2850 “Huic
300 2792 415 2850 natam
429 2784 511 2850 libro
527 2791 562 2850 et
578 2783 721 2850 silvestri
738 2785 851 2850 subere
868 2785 1025 2850 clausam·

159 2889 180 2922 “
191 2889 358 2976 Implicat,
376 2897 476 2975 atque
492 2889 637 2954 habilem
651 2889 776 2954 mediae
793 2889 999 2976 circumligat
1013 2889 1136 2957 hastae.
1155 2891 1221 2957 555

158 2995 303 3075 “Quam
318 2996 433 3061 dextra
449 2993 577 3081 ingenti
590 2995 711 3060 librans
726 2995 775 3060 ita
789 2995 832 3060 ad
847 2995 979 3060 aethera
995 2995 1104 3062 fatur:
1179 3072 1181 3077 ¹

157 3099 179 3158 “.
191 3099 200 3133 ‘
211 3099 323 3184 Alma,
340 3099 404 3165 tibi
418 3099 516 3183 hanc,
533 3119 702 3164 nemorum
717 3099 849 3184 cultrix,
866 3098 1007 3164 Latonia
1021 3098 1121 3184 virgo,

154 3203 178 3238 “
193 3205 202 3237 ‘
216 3204 292 3290 Ipse
307 3212 401 3291 pater
415 3204 575 3270 famulam
589 3225 709 3287 voveo,
734 3212 794 3269 tua
809 3204 915 3289 prima
930 3225 988 3289 per
1002 3223 1097 3268 511155

155 3309 199 3342 “‘
215 3309 297 3375 Tela
312 3317 429 3375 tenens
446 3309 586 3395 supplex
600 3308 729 3375 hostem
743 3309 848 3395 fugit:
875 3308 997 3393 accipe,
1016 3314 1128 3392 testor,

153 3417 174 3449 “
187 3416 196 3449 ‘
208 3415 297 3480 Diva
312 3423 417 3497 tuam,
435 3435 518 3500 quae
533 3436 621 3480 nunc
637 3414 744 3479 dubiis
760 3412 979 3479 committitur
994 3412 1102 3480 auris!
1151 3413 1219 3480 560

155 3521 177 3553 “
191 3521 301 3603 Dixit,
316 3527 351 3586 et
368 3521 510 3587 adducto
526 3527 716 3585 contortum
730 3519 850 3585 hastile
865 3519 987 3583 lacerto

152 3624 173 3657 “
185 3624 334 3690 Immitti
361 3647 369 3692 :
395 3645 529 3691 sonuere
544 3625 652 3689 undae
663 3645 672 3706 ;
697 3622 848 3709 rapidum
864 3644 960 3708 super
975 3645 1106 3690 amnem

150 3728 309 3794 “Infelix
324 3730 410 3816 fugit
426 3730 462 3794 in
474 3729 594 3814 jaculo·
600 3728 758 3794 stridente
775 3727 922 3795 Camilla.

151 3833 174 3866 “
188 3833 239 3899 At
256 3833 421 3919 Metabus,
437 3855 559 3920 magna
574 3831 707 3918 propius
718 3831 789 3917 jam
804 3839 940 3917 urgente
956 3839 1096 3916 caterva,

150 3937 256 4002 “Dat
273 3958 342 4002 sese
357 3938 470 4022 fluvio,
487 3945 588 4022 atquc
604 3936 736 4002 hastam
752 3957 829 4002 cum
845 3936 967 4024 virgine
982 3937 1085 4002 victor
1145 3938 1211 4004 565
1241 3971 1243 3980 =
