2944 4522
512 341 682 390 arsames
704 343 769 391 nra.
794 343 842 391 rx.
1152 325 1216 392 195

110 555 114 562 .
150 499 175 534 “
190 499 343 586 Quisquis
358 499 394 565 in
409 522 500 566 arma
514 503 640 592 rqcas.''
686 501 733 566 Et
750 502 795 568 sic
811 501 930 568 effatus
946 501 989 567 ad
1004 501 1128 566 undam

150 605 327 688 Processit,
345 625 537 688 summoque
553 605 666 670 hausit
682 607 722 670 de
738 607 866 691 gurgite
881 606 1042 691 lymphas,

150 709 264 774 Multa
280 710 355 775 deos
371 731 476 794 orans,
493 711 702 796 oneravitque
718 713 849 778 aethera
864 714 956 780 votis.

150 815 297 900 Jamque
314 816 418 881 omnis
434 817 557 901 campis
574 817 735 883 exercitus
750 819 821 883 ibat
837 819 967 904 apertis,

152 920 254 985 Dives
270 927 402 1006 equum,
418 921 508 987 dives
523 921 626 1008 pictai
641 923 740 988 restis
756 932 790 988 et
806 923 877 988 auri
890 945 917 990 :-

153 1025 326 1110 Messapus
341 1026 464 1112 primas
480 1027 575 1110 aoias,
591 1033 757 1113 postrema
775 1035 926 1094 coercent

153 1129 333 1214 Tyrrhidae
344 1130 502 1216 juvenes;
527 1131 634 1197 medio
651 1133 721 1198 dux
736 1133 867 1219 agmine
883 1133 1014 1200 Turnus

157 1231 325 1316 [Vertitur
339 1256 432 1299 arma
447 1243 572 1319 tenens,
589 1243 624 1300 et
639 1242 711 1301 toto
726 1237 845 1302 vertice
862 1259 960 1324 supra
975 1245 1025 1304 est
1035 1238 1081 1326 2]-

153 1339 224 1405 Oeu
240 1347 367 1426 septem
383 1361 517 1425 surgens
533 1341 653 1406 sedatis
668 1341 820 1408 amnibus
835 1343 924 1408 altus

152 1444 218 1507 Per
233 1443 374 1509 tacitum
391 1443 531 1530 Ganges,
548 1451 607 1509 aut
624 1445 740 1531 pingui
754 1445 888 1511 flumine
906 1446 1004 1513 Nilus

153 1547 265 1628 Quum
279 1547 390 1612 refluit
406 1547 530 1634 campis
546 1556 579 1613 et
590 1547 661 1633 jam
677 1571 709 1614 sa
726 1551 871 1616 condidit
888 1552 987 1618 alveo.

153 1653 218 1718 Hic
235 1653 381 1718 subitam
396 1653 488 1738 nigro
504 1654 674 1739 glomerari
689 1655 820 1740 pulvere
835 1658 957 1723 nubem

152 1757 362 1842 Prospiciunt
379 1757 507 1841 Teucri,
524 1778 562 1822 ac
578 1758 727 1824 tenebras
742 1758 907 1846 insurgere
923 1760 1055 1846 campis.

153 1861 287 1927 Primus
302 1863 345 1928 ab
360 1863 494 1928 adversa
510 1863 693 1928 conclamat
708 1865 792 1929 mole
810 1865 948 1932 Caicus:

152 1967 269 2047 “Quis
285 1967 409 2054 globus,
427 1989 445 2032 ο
462 1967 556 2052 cives,
574 1967 711 2054 caligine
726 1969 868 2035 volvitur
884 1971 987 2036 atra?

152 2072 173 2104 “
187 2073 287 2138 Ferte
303 2072 361 2138 citi
376 2073 508 2157 farrum,
525 2073 601 2138 date
617 2073 694 2157 telo,
712 2073 877 2138 ascendite
893 2095 1021 2140 muros:

152 2177 304 2243 “Hostis
319 2179 422 2261 adest,
439 2177 490 2242 eia
504 2183 511 2244 t
524 2179 543 2206 '’
589 2177 722 2263 Ingenti
737 2178 874 2242 clamore
890 2199 947 2262 per
961 2198 1074 2243 omnes

153 2283 310 2349 Oondunt
327 2305 360 2348 se
378 2281 497 2348 Teucri
511 2290 632 2368 portas,
650 2290 684 2347 et
699 2281 828 2346 moenia
844 2281 1032 2367 complent:

150 2387 304 2472 Namque
319 2388 369 2454 ita
383 2387 552 2453 discedam
567 2393 776 2473 praeceperat
791 2386 936 2472 optimus
952 2385 1049 2452 armis

151 2495 291 2577 Aeneas,
310 2492 337 2558 si
352 2513 418 2577 qua
433 2492 558 2558 interea
573 2492 704 2556 fortuna
719 2491 844 2576 fuisset,

151 2599 227 2664 Neu
243 2605 367 2664 struere
383 2598 540 2662 auderent
556 2597 668 2681 aciem,
685 2617 751 2662 neu
765 2598 895 2662 credere
910 2617 1044 2681 campo;

152 2705 270 2771 Castra
284 2705 379 2770 modo
396 2711 430 2768 et
445 2710 536 2768 tutos
552 2709 714 2767 servarent
730 2723 845 2788 aggere
860 2723 977 2769 muros.

151 2809 239 2894 Ergo
255 2807 317 2872 etsi
332 2807 474 2872 conferre
490 2828 626 2871 manum
641 2806 745 2892 pudor
759 2807 870 2891 iraque
886 2814 1055 2890 monstrat,
1116 2849 1119 2856 -

155 2912 326 2998 Objiciunt
341 2921 452 2999 portas
469 2919 593 2996 tamen,
610 2920 643 2976 et
660 2919 833 2997 praecepta
848 2912 1023 2998 facessunt,

151 3015 348 3100 Armatique
364 3015 450 3080 cavis
467 3021 661 3100 exspectant
677 3015 820 3080 turribus
835 3016 972 3081 hostem.

153 3120 295 3204 Turnus,
312 3127 351 3184 ut
367 3127 444 3184 ante
460 3119 573 3184 volans
588 3120 721 3184 tardum
737 3127 954 3204 praecesserat
970 3139 1098 3203 agmen,

151 3225 284 3312 Viginti
298 3225 391 3292 lectis
407 3224 556 3310 equitum
571 3224 748 3290 comitatus
763 3233 797 3289 et
812 3225 886 3290 urbi

152 3331 354 3417 Improvisus
369 3331 484 3396 adest:
509 3329 648 3394 maculis
663 3351 761 3414 quem
778 3328 936 3394 Thracius
952 3327 1034 3392 albis
1083 3377 1086 3386 .

151 3440 268 3504 Portat
283 3458 396 3522 equus,
414 3436 576 3520 cristaque
593 3436 677 3522 tegit
693 3437 786 3521 galea
802 3455 900 3498 aurea
915 3432 1020 3499 rubra.
1076 3459 1077 3462 ¹
1168 3435 1212 3500 50

152 3542 311 3627 “Ecquis
328 3542 400 3625 erit,
417 3561 559 3624 mecum,
572 3539 718 3625 juvenes,
736 3537 793 3623 qui
809 3536 933 3623 primus
947 3536 983 3600 in
997 3536 1179 3603 hostem...?

152 3648 173 3680 ‘⁶
185 3647 239 3712 En
251 3653 259 3715 t
272 3649 292 3677 ”
309 3647 368 3730 ait,
386 3652 419 3710 et
431 3645 580 3730 jaculum
595 3652 786 3728 attorquens
801 3641 926 3707 emittit
941 3641 976 3706 in
992 3663 1098 3726 auras,

152 3752 356 3837 Principium
374 3772 514 3837 pugnae,
532 3759 566 3816 et
582 3772 696 3836 campo
713 3771 780 3815 sese
797 3749 918 3814 arduus
933 3747 1039 3815 infert.

153 3860 302 3926 Clamore
317 3855 488 3942 excipiunt
504 3856 590 3941 socii,
606 3854 805 3938 fremituque
821 3861 1004 3938 sequuntur

152 3965 347 4044 Horrisono;
373 3961 534 4027 Teucrum
550 3961 711 4026 mirantur
725 3960 845 4026 inertia
860 3959 967 4042 corda,
1167 3957 1211 4022 55
