2944 4522
241 301 309 370 248
593 321 764 370 Annmnos
787 320 852 368 nm.
877 319 924 368 xc

243 481 408 549 “Interea
425 483 524 550 socios
539 482 778 567 inhumataque
794 502 927 566 corpora
943 484 1048 544 terrae

244 587 266 623 “
279 588 484 674 Mandemus,
502 589 560 674 qui
576 589 662 654 solus
677 588 778 653 honos
796 587 981 652 Acheronte
996 585 1058 651 sub
1074 584 1140 649 imo
1156 591 1215 651 est.

243 694 265 728 “
276 696 363 780 Ite,''
379 696 428 761 ait
447 695 468 727 ‘⁸'
481 695 624 781 egregias
640 693 775 777 animas,
792 714 877 778 quae
894 691 1052 777 sanguine
1068 691 1160 756 nobis

244 799 266 834 “
279 800 374 865 Hanc
392 800 535 886 patriam
551 820 704 885 peperere
721 820 789 883 suo,
807 799 956 863 decorate
973 795 1133 882 supremis
1261 796 1306 861 25

244 903 472 969 “Muneribus
487 925 496 987 ;
520 912 745 988 maestamque
761 902 909 967 Evandri
923 901 1048 987 primus
1064 903 1107 966 ad
1122 901 1236 966 urbem

245 1009 266 1042 “
279 1009 439 1074 Mittatur
454 1009 575 1092 Pallas,
593 1029 692 1093 quem
707 1029 773 1073 non
789 1007 922 1072 virtutis
938 1013 1090 1093 egentem

244 1113 430 1180 “Abstulit
446 1121 519 1178 atra
534 1114 603 1179 dies
618 1121 652 1178 et
668 1113 781 1178 funere
797 1112 909 1178 mersit
927 1113 1072 1178 acerbo.''

245 1219 298 1286 Sic
314 1219 362 1284 ait
377 1218 578 1284 illacrimans
595 1218 774 1304 recipitque
790 1217 833 1282 ad
847 1217 964 1282 limina
979 1239 1136 1303 gressum,
1227 1267 1229 1272 .

246 1323 371 1409 Corpus
385 1323 443 1388 ubi
460 1324 604 1388 exanimi
618 1325 764 1410 positum
780 1323 942 1388 Pallantis
959 1323 1100 1388 Acoetes
1261 1323 1307 1387 30

246 1429 404 1494 Servabat
420 1427 533 1512 senior,
551 1429 608 1514 qui
624 1429 795 1494 Parrhasio
810 1429 964 1495 Evandro

245 1533 397 1620 Armiger
411 1541 491 1598 ante
507 1533 583 1618 fuit,
601 1536 657 1599 sed
674 1557 739 1600 non
754 1534 904 1600 felicibus
920 1556 1023 1620 aeque

246 1638 333 1703 Tum
349 1659 455 1704 comes
471 1637 626 1724 auspiciis
641 1661 714 1705 caro
729 1639 828 1704 datus
844 1640 914 1705 ibat
929 1641 1070 1706 alumno.

245 1743 378 1809 Circum
393 1743 497 1807 omnis
513 1743 739 1828 famulumque
755 1766 873 1808 manus
890 1744 1093 1830 Trojanaque
1109 1745 1206 1810 turba

244 1849 291 1913 Et
307 1856 472 1914 maestum
488 1849 609 1913 Iliades
625 1849 747 1914 crinem
763 1851 803 1914 de
820 1872 907 1914 more
925 1851 1058 1916 solutae.
1263 1850 1308 1917 35

246 1953 297 2018 Ut
312 1975 387 2018 vero
403 1951 532 2018 Aeneas
546 1952 669 2018 foribus
685 1975 752 2020 sese
768 1955 883 2020 intulit
899 1955 976 2020 altis
990 1975 999 2037 ;

245 2059 419 2143 Ingentem
435 2057 596 2144 gemitum
612 2059 720 2124 tunsis
736 2059 779 2124 ad
795 2059 899 2125 sidera
915 2061 1038 2125 tollunt

246 2161 447 2245 Pectoribus,
464 2170 654 2248 maestoque
670 2163 824 2250 immugit
840 2164 928 2250 regia
942 2165 1047 2230 luctu.

246 2267 333 2352 Ipse,
350 2275 451 2352 caput
467 2267 554 2332 nivei
568 2267 692 2332 fultum
710 2268 873 2334 Pallantis
888 2277 922 2334 et
938 2291 993 2334 ora

247 2371 299 2436 Ut
315 2370 409 2456 vidit,
426 2371 553 2456 levique
569 2380 686 2457 patens
702 2373 736 2436 in
752 2381 882 2458 pectore
899 2373 1018 2438 vulnus
1264 2372 1310 2439 40

247 2475 402 2562 Cuspidis
418 2477 594 2563 Ausoniae,
611 2477 755 2542 lacrimis
770 2478 818 2542 ita
830 2478 920 2542 satur
935 2477 1073 2544 obortis:

247 2579 269 2613 ‘⁶
284 2581 407 2664 Tene,”
423 2580 532 2666 inquit
550 2581 764 2647 “miserande
781 2605 870 2668 puer,
889 2605 965 2648 cum
980 2583 1069 2648 laeta
1084 2583 1218 2667 veniret,

249 2684 410 2751 “Invidit
427 2685 574 2750 Fortuna
589 2687 681 2771 mihi,
698 2707 739 2751 ne
756 2709 855 2773 regna
870 2689 996 2753 videres

244 2781 269 2821 ῃ
283 2789 415 2873 Nostra,
432 2810 536 2874 neque
552 2791 595 2855 ad
610 2791 701 2856 sedes
716 2791 820 2855 victor
835 2792 984 2856 veherere
999 2793 1180 2876 paternas?

248 2893 357 2958 “Non
371 2895 452 2959 haec
468 2893 619 2960 Evandro
635 2896 675 2960 de
692 2903 725 2960 te
741 2897 898 2980 promissa
914 2897 1043 2981 parenti
1265 2897 1309 2964 45

248 2998 460 3064 “Discedens
475 3001 638 3084 dederam,
656 3022 732 3064 cum
747 3023 799 3065 me
816 3001 1005 3086 complexus
1022 3010 1158 3066 euntem

248 3103 433 3169 “Mitteret
448 3104 483 3168 in
499 3127 658 3190 magnum
673 3105 856 3192 imperium,
873 3114 1087 3191 metuensque
1104 3114 1262 3190 moneret,

248 3209 270 3242 “
284 3209 386 3274 Acres
402 3230 471 3275 esse
486 3209 579 3294 viros,
597 3231 674 3274 curn
689 3212 771 3276 dura
787 3211 908 3296 proelia
924 3219 1032 3296 gente.

249 3315 331 3379 “Et
348 3337 434 3379 nunc
451 3315 506 3379 ille
522 3315 656 3399 quidem
672 3305 728 3401 spe
745 3317 889 3380 multum
904 3326 1022 3401 captus
1038 3316 1129 3382 inani
1194 3310 1208 3338 '

252 3419 366 3482 “Fors
383 3427 415 3482 et
431 3427 508 3483 vota
523 3419 613 3504 facit,
627 3419 843 3504 cumulatque
859 3421 976 3484 altaria
992 3421 1085 3486 donis
1100 3442 1108 3503 ;
1268 3423 1311 3488 50

251 3522 354 3588 “Nos
366 3523 522 3607 juvenem
538 3527 727 3589 exanimum
742 3532 775 3589 et
792 3525 839 3588 nil
851 3524 922 3610 jam
938 3525 1130 3592 coelestibus
1146 3527 1222 3590 ullis
1291 3536 1297 3548 '

251 3627 272 3658 “
286 3627 470 3692 Debentem
486 3651 569 3694 vano
585 3630 703 3694 maesti
719 3629 912 3694 comitamur
927 3631 1053 3696 honore.

252 3731 273 3764 “
285 3732 419 3816 Infelix,
437 3734 508 3798 nati
523 3733 623 3798 funus
639 3735 768 3799 crudele
783 3734 927 3802 videbis!

253 3835 336 3901 “Hi
351 3838 452 3902 nostri
467 3838 602 3922 reditus,
620 3839 864 3924 exspectatique
880 3840 1065 3926 triumphi!

254 3941 274 3976 “
285 3941 377 4008 Haeo
393 3963 466 4006 mea
482 3963 602 4028 magna
618 3944 718 4011 fides!
758 3945 807 4010 At
823 3968 897 4029 non,
916 3946 1079 4031 Euandre,
1095 3946 1257 4032 pudendis
1269 3949 1311 4014 55
