2838 4522
477 311 649 360 Assumos
671 311 737 362 LIB.
761 311 796 360 11.

93 475 150 543 Ad
165 481 287 540 terram
302 472 419 540 misere
435 480 495 538 aut
510 473 641 558 ignibus
657 493 754 558 aegra
769 472 893 538 dedere.

96 576 255 664 [Jamque
270 579 351 644 adeo
367 599 466 663 super
480 599 566 644 unus
581 598 681 660 eram,
699 598 803 662 quum
818 577 933 642 limina
949 577 1074 643 Vestae

95 685 290 750 Servantem
306 689 339 747 51
356 681 495 746 tacitam
511 689 634 747 secreta
649 680 684 745 iu
701 683 775 746 sede
790 682 951 747 latentem

94 788 288 872 Tyndarida
304 786 468 872 adspicio:
494 786 575 851 dant
592 787 680 850 clara
695 786 846 850 incendia
861 788 970 852 lucem

95 895 231 958 Erranti
247 893 435 979 passimque
451 893 559 957 oculos
575 913 633 977 per
648 899 768 956 cuncta
782 892 907 958 ferenti.
1094 890 1163 960 570

95 1002 160 1066 1115
176 999 238 1065 sibi
253 999 388 1063 infestos
404 1019 514 1062 eversa
530 998 570 1062 ob
587 998 747 1082 Pergama
765 996 917 1082 Teucros,

96 1106 142 1170 llt
158 1125 280 1190 poenas
296 1103 452 1167 Danaum
467 1109 501 1172 51
517 1102 637 1167 deserti
652 1101 799 1187 conjugis
815 1101 879 1167 iras

97 1212 344 1292 Praemetuens,
363 1207 478 1293 Trojae
494 1215 528 1272 51
543 1207 669 1292 patriae
685 1208 869 1273 communis
886 1207 1016 1293 Erinys,

97 1315 280 1379 Abdiderat
297 1333 365 1379 sese
382 1318 483 1396 atquc
499 1311 562 1376 aris
578 1311 842 1408 invisatsedebat.

97 1419 256 1484 Exarsere
271 1419 363 1504 ignes
380 1416 498 1499 animo,
516 1415 606 1482 subit
621 1415 669 1480 ira
685 1419 857 1482 cadentem
1096 1418 1162 1487 575

97 1523 224 1590 Ulcisci
239 1523 381 1610 patriam
397 1529 431 1588 51
448 1522 619 1588 5551515155
635 1545 761 1613 sumere
777 1547 904 1610 poenas.

99 1629 119 1660 “
134 1629 267 1695 Scilicet
282 1629 363 1694 haec
381 1629 536 1714 Spartam
551 1627 722 1694 incolumis
739 1631 926 1716 patriasque
944 1633 1100 1718 Mycenas

100 1735 119 1766 “
131 1734 315 1819 Adspiciat,
333 1742 492 1820 partoque
508 1733 570 1798 ibit
587 1733 698 1820 regina
714 1735 893 1821 triumpho,

99 1840 119 1869 “
134 1838 399 1924 Oonjugiumque
415 1839 613 1922 domumque
629 1846 737 1923 patres
754 1848 912 1926 natosque
929 1841 1062 1926 videbit,

100 1944 279 2010 “Iliadum
295 1945 392 2010 turba
408 1952 441 2009 et
458 1943 609 2030 Phrygiis
624 1944 782 2009 comitata
797 1945 973 2014 ministrisl
1095 1949 1161 2014 580

100 2047 121 2079 “
135 2048 300 2113 Occiderit
314 2048 397 2114 ferro
414 2047 576 2130 Priamus,
596 2045 692 2132 Γ111515
708 2049 822 2112 arserit
837 2048 915 2133 igni,

100 2151 343 2216 “Dardanium
358 2152 456 2217 toties
471 2151 595 2218 sudarit
612 2152 769 2236 sanguine
785 2151 892 2218 litus?

101 2257 121 2290 “
136 2256 214 2320 Non
229 2257 296 2324 ita:
322 2277 463 2341 namque
480 2255 542 2321 etsi
557 2255 687 2320 nullum
702 2256 909 2321 memorabile
925 2278 1042 2322 nomen

102 2359 293 2424 “Feminea
308 2359 343 2424 in
359 2381 462 2446 poena
479 2368 528 2426 est
544 2361 719 2426 nechabet
735 2360 870 2425 victoria
884 2361 1027 2446 laudem,

102 2467 122 2498 “
136 2464 344 2531 Exstiuxisse
360 2467 450 2532 nefas
465 2473 578 2530 tamen
594 2473 627 2530 et
644 2466 797 2531 sumsisse
812 2467 969 2534 merentis
1097 2469 1161 2534 585

102 2573 123 2604 “
135 2571 309 2637 Laudabor
324 2593 453 2657 poenas,
467 2571 678 2656 animumque
696 2573 841 2657 explesse
853 2571 984 2657 juvabit

102 2676 123 2709 “
136 2676 281 2741 Ultricis‘
292 2676 442 2740 flammae
459 2684 493 2740 51
509 2675 630 2741 cineres
646 2677 779 2742 satiasse
796 2681 972 2745 meorum.''

101 2783 198 2846 Talia
209 2781 377 2867 jactabam
393 2789 427 2846 51
442 2782 566 2846 furiata
582 2792 691 2847 mente
706 2783 832 2848 ferebar
845 2784 869 2870 ;]

101 2890 215 2970 Quum
230 2887 312 2952 mihi
327 2909 371 2971 55,
389 2893 548 2952 nonanta
565 2887 665 2953 oculis
682 2896 752 2953 tam
768 2889 865 2972 clara,
882 2890 1059 2956 videndam

100 2993 235 3060 Obtulit
252 3000 285 3058 et
302 3013 384 3079 pura
400 3013 456 3077 per
471 3000 603 3058 noctem
618 2993 653 3057 in
667 2993 740 3058 luce
757 2994 883 3060 refulsit
1096 2998 1163 3064 590

100 3099 203 3164 Alma
217 3119 344 3184 parens,
362 3095 506 3164 confessa
522 3099 626 3181 deam,
644 3099 814 3184 qualisque
830 3099 932 3164 videri
1034 3091 1039 3099 ’

101 3202 271 3270 0551155115
288 3209 321 3266 51
339 3208 465 3286 quanta
482 3202 573 3282 solet,
590 3203 771 3288 dextraque
787 3204 986 3289 prehensum

101 3308 288 3391 Conticuit,
306 3328 457 3392 roseoque
473 3307 553 3375 haec
570 3309 703 3394 insuper
718 3309 846 3374 addidit
863 3329 938 3376 ore:

101 3415 120 3447 “
135 3413 235 3498 Nate,
253 3412 328 3497 quis
343 3413 518 3478 indomitas
534 3420 651 3478 tantus
667 3413 757 3479 dolor
773 3413 896 3478 excitat
912 3413 1004 3481 iras?

101 3520 121 3552 “
137 3519 223 3600 Quid
239 3517 331 3602 furis,
345 3525 403 3582 aut
420 3539 562 3602 quonam
579 3519 680 3584 nostri
695 3518 758 3583 tibi
774 3539 852 3582 cura
868 3519 1029 3588 recessit?
1097 3525 1162 3589 595

101 3625 121 3656 “
135 3626 211 3690 Non
229 3625 320 3710 prius
336 3623 504 3710 adspicies,
521 3625 579 3689 ubi
594 3623 716 3690 sessum
732 3631 841 3689 aetate
858 3634 1030 3710 parentem

102 3731 122 3765 “
133 3731 285 3818 Liqueris
301 3729 478 3814 Anchisen,
495 3737 626 3815 superet
641 3729 801 3814 eonjuxne
820 3729 942 3796 Creusa

101 3836 366 3920 “Ascaniusque
383 3855 474 3919 puer,
490 3855 569 3918 quos
585 3855 694 3899 omnes
709 3835 853 3919 undique
870 3835 988 3902 Graiae

99 3944 271 4013 “Circum
288 3946 397 4005 errant
412 3938 509 4022 acies,
526 3945 571 4023 et,
589 3938 624 4003 ni
639 3960 711 4004 mea
727 3961 804 4005 cura
819 3941 963 4020 resistat,
