2944 4522
549 351 721 400 nnrnrnos
743 351 808 400 nra.
834 349 867 399 x.
1168 331 1235 398 239

169 514 426 601 “Omnipotens
441 512 578 600 genitor,
595 513 724 578 tanton’
739 533 792 576 me
808 510 944 577 crimine
959 510 1097 596 dignum

168 619 191 654 “
202 619 353 704 Duxisti,
371 627 405 685 et
419 619 505 684 tales
520 617 654 684 voluisti
668 617 848 703 expendere
863 637 984 702 poenas
994 617 1023 682 Ρ·

170 726 192 760 “
202 725 391 808 Quoferorl>
405 725 494 790 unde
504 722 597 790 abii?
612 743 695 809 quae
702 744 754 788 me
763 723 1001 810 fuga,'quemve
1008 721 1134 788 reducit
1143 724 1160 789 Ρ
1170 719 1236 790 670

172 831 193 864 “
205 831 428 896 Laurentesne
443 828 566 894 iterum
581 849 692 893 muros
708 835 767 893 aut
783 837 890 893 castra
904 827 1049 894 videbo?

173 936 194 969 “
208 937 295 1017 Quid
309 955 428 1000 manus
442 934 501 999 illa
515 933 633 1017 virum,
651 933 709 1018 qui
723 953 776 997 me
793 953 931 1016 meaque
948 953 1039 996 arma
1055 931 1170 1016 secuti,

173 1041 194 1074 ‘⁴'
210 1042 362 1126 Quosque
371 1079 387 1091 -
397 1037 510 1106 nefas·
520 1059 631 1104 omnes
647 1038 782 1103 infanda
797 1037 833 1103 in
848 1039 953 1102 morto
969 1037 1094 1122 reliqui,

174 1146 255 1211 “Et
270 1167 358 1211 nunc
373 1145 525 1231 palantes
539 1143 643 1228 video,
661 1142 886 1229 gemitumque
902 1141 1081 1207 cadentum

174 1253 195 1286 “
206 1249 371 1335 Accipio?
398 1247 486 1330 Quid
501 1269 572 1334 ago,
585 1255 644 1314 aut
661 1267 745 1332 quae
756 1245 827 1332 jam
838 1246 918 1312 satis
928 1245 995 1310 ima
1006 1245 1152 1312 dehiscat
1170 1242 1236 1314 675

174 1350 195 1386 “
208 1353 308 1419 Terra
323 1353 436 1438 mihi?
484 1353 552 1420 Vos
568 1376 587 1419 o
602 1353 712 1440 potius
727 1353 935 1437 miserescite,
952 1352 1062 1420 venti!

175 1459 196 1492 “
208 1459 250 1523 In
265 1481 370 1545 rupes,
387 1459 421 1524 in
438 1459 658 1524 saxa-volens
672 1481 730 1524 vos
747 1459 878 1524 Turnus
893 1458 1013 1524 adoro-

174 1563 195 1597 “
207 1565 308 1630 Ferte
324 1572 439 1648 ratem,
458 1563 624 1650 saevisque
639 1563 732 1629 vadis
747 1561 920 1628 immittite
938 1561 1051 1648 Syrtis,

174 1668 280 1750 “Quo
295 1690 403 1754 neque
418 1691 472 1734 me
488 1667 618 1753 Rutuli,
635 1689 695 1733 nec
712 1668 840 1734 conscia
854 1667 943 1732 fama
959 1668 1146 1753 sequatur.''

173 1773 264 1839 Haec
280 1795 474 1857 memorans,
493 1773 602 1839 animo
617 1795 708 1839 nunc
721 1773 786 1838 huc
803 1795 891 1838 nunc
907 1773 1048 1838 fluctuat
1063 1772 1152 1857 illuc,
1170 1772 1236 1838 680

173 1879 229 1944 An
245 1901 314 1944 sese
329 1899 484 1945 mucrone
500 1879 541 1944 ob
556 1885 692 1944 tantum
707 1879 847 1943 dedecus
863 1899 975 1943 amens

176 1985 312 2068 Induat,
329 1992 363 2050 et
380 1984 519 2050 crudum
535 2005 593 2070 per
607 1991 713 2048 costas
730 1983 841 2069 exigat
858 2003 967 2047 ensem
981 2003 989 2064 ;

175 2091 350 2156 Fluctibus
364 2112 408 2155 an
419 2089 523 2174 jaciat
539 2089 665 2173 mediis,
683 2095 716 2153 et
732 2087 829 2152 litora
846 2087 955 2152 nando

174 2195 282 2262 Curva
297 2201 403 2280 petat,
421 2193 650 2278 Teucrumque
665 2193 787 2257 iterum
803 2211 836 2256 se
852 2192 967 2256 reddat
983 2190 1019 2256 iu
1033 2211 1134 2258 arma.

174 2301 240 2366 Ter
256 2308 393 2366 conatus
407 2307 582 2385 utramque
597 2292 705 2366 viam:
731 2306 784 2364 ter
797 2297 943 2362 maxima
960 2297 984 2363 J
985 2319 1051 2363 uno
1171 2297 1236 2364 685

174 2405 358 2488 (iontinuit,
371 2404 590 2490 juvenemque
607 2403 717 2468 animo
731 2402 886 2468 miserata
901 2401 1061 2489 repressit.

173 2509 314 2576 Labitur
330 2510 398 2574 alta
413 2530 525 2575 secans
539 2508 710 2594 fluctuque
726 2515 885 2593 aestuque
901 2509 1056 2594 secundo,

85 2613 96 2636 ⁹
173 2615 220 2680 Et
236 2614 339 2700 patris
355 2613 529 2699 antiquam
545 2613 658 2679 Dauni
673 2612 820 2678 defertur
835 2614 878 2678 ad
893 2615 1016 2680 urbem.

239 2718 289 2783 At
305 2719 398 2784 Jovis
412 2719 537 2784 interea
551 2718 686 2784 monitis
703 2717 887 2784 Mezentius
904 2721 1021 2785 ardens

176 2823 328 2892 Succedit
343 2845 483 2910 pugnae,
502 2822 708 2908 Teucrosque
723 2823 851 2890 invadit
860 2808 1010 2892 evantes.
1170 2825 1237 2892 690

174 2930 382 2996 Concurrunt
399 2928 587 3013 Tyrrhenae
603 2928 696 3012 acies,
713 2935 814 3013 atque
830 2930 978 2996 omnibus
993 2930 1064 3015 uni,

175 3033 245 3099 Uni
261 3032 406 3118 odiisque
421 3033 488 3098 viro
504 3031 642 3118 telisque
657 3032 881 3118 frequentibus
896 3033 1034 3102 instant.

173 3139 368 3224 Illa-velut
383 3159 492 3224 rupes,
508 3145 641 3202 vastum
657 3159 740 3223 quac
756 3139 865 3225 prodit
880 3139 917 3203 in
931 3159 1052 3223 aequor

175 3243 285 3311 Obvia
299 3250 472 3308 ventorum
486 3241 579 3307 furiis
596 3248 795 3329 expostaque
811 3250 922 3329 ponto,
1164 3319 1167 3325 ‚

173 3349 254 3414 Vim
269 3354 425 3414 cunctam
440 3354 540 3433 atque
555 3346 661 3413 minas
676 3347 797 3433 perfert
813 3347 956 3432 coelique
970 3346 1146 3433 marisque,
1171 3349 1236 3416 695
1255 3427 1257 3430 ¹

173 3455 254 3540 Ipsa
268 3453 407 3518 immota
421 3451 723 3538 manens-prolem
739 3451 958 3535 Dolichaonis,
976 3449 1136 3537 Hebrum,

174 3558 300 3626 Sternit
314 3557 420 3642 humi,
438 3579 516 3623 cum
531 3578 595 3642 quo
611 3549 779 3643 Latagum
795 3557 1014 3642 Palmumque
1030 3557 1203 3644 fugacem-

174 3664 238 3731 Sed
252 3663 422 3748 Latagum
436 3682 514 3728 saxo
529 3669 629 3746 atque
645 3661 773 3748 ingenti
786 3659 945 3747 fragmine
959 3662 1080 3728 montis

174 3767 323 3854 Occupat
339 3787 375 3831 os
390 3764 571 3851 faciemque
588 3767 768 3850 adversam,
786 3765 909 3851 poplite
926 3766 1081 3832 Palmum

174 3873 307 3941 Succiso
322 3868 410 3934 volvi
425 3889 557 3956 segnem
573 3869 836 3955 sinit,=armaque
852 3869 959 3937 Lauso
1169 3867 1236 3938 700

172 3977 286 4044 Donat
303 3973 423 4040 habere
438 3973 582 4040 humeris
598 3981 631 4039 et
643 3973 764 4040 vertice
777 3974 876 4063 figere
891 3976 1005 4042 aristas
1015 4014 1030 4026 -
1037 4025 1046 4058 ‚
1156 4001 1158 4005 ·
