2898 4518
261 308 325 370 122
617 324 788 370 nnrnrnos
811 325 875 372 ma.
900 325 947 371 vi.

260 483 280 516 “
294 483 435 568 Phoebe,
452 505 566 569 graves
583 483 700 569 Trojae
715 505 842 570 semper
856 485 1008 551 miserate
1024 485 1162 572 labores,

259 589 280 622 “
295 590 449 656 Dardana
465 589 522 674 qui
539 589 666 655 Paridis
680 591 801 656 direxti
816 592 883 656 tela
898 613 1079 676 manusque

259 695 419 781 “Corpus
434 695 469 760 in
483 694 656 780 Aeacidae,
674 718 809 781 magnas
825 696 979 761 obeuntia
995 705 1096 762 terras

259 801 279 834 “
293 801 358 866 Tot
373 800 477 866 maria
491 800 612 866 intravi
629 802 711 866 duce
727 809 771 884 te,
790 801 984 886 penitusque
1001 811 1148 887 repostas

259 907 280 939 “
294 905 476 990 Massylum
491 911 606 991 gentes
621 905 857 991 praetentaque
875 907 1027 990 Syrtibus
1042 929 1139 988 arva;
1247 959 1254 972 .
1280 910 1321 975 60

259 1010 279 1042 “
292 1011 374 1074 Jam
389 1009 523 1074 tandem
540 1009 658 1076 Italiae
673 1009 831 1096 fugientis
847 1011 1037 1096 prendimus
1052 1033 1145 1078 oras:

259 1116 281 1148 “
296 1115 369 1180 Hac
388 1114 530 1200 Trojana
545 1123 643 1180 tenus
657 1115 757 1180 suerit
772 1115 904 1183 fortuna
920 1123 1032 1181 secuta
1049 1122 1056 1183 !

262 1220 281 1252 “
297 1219 365 1285 Vos
382 1240 510 1305 quoque
527 1219 724 1305 Pergameae
735 1219 806 1304 jam
821 1219 872 1284 fas
888 1226 939 1285 est
955 1241 1087 1305 parcere
1103 1221 1207 1306 genti,

260 1323 281 1356 “
301 1324 409 1409 Dique
424 1325 571 1409 deaeque
587 1345 708 1408 omnes,
725 1325 843 1408 quibus
859 1324 989 1390 obstitit
1005 1325 1108 1390 Ilium
1123 1339 1157 1389 et
1173 1326 1288 1411 ingens

260 1429 407 1495 “Gloria
423 1429 617 1496 Dardaniae.
666 1429 797 1515 Tuque,
814 1452 833 1495 o
849 1429 1055 1496 sanctissima
1070 1437 1175 1515 vates,
1278 1413 1336 1497 65Ι

260 1533 280 1565 “
295 1535 446 1606 Praescia
460 1534 599 1628 venturi,
616 1535 740 1600 da-non
755 1534 902 1600 indebita
916 1557 1013 1620 posco

260 1639 281 1671 “
295 1640 409 1726 Regna
423 1639 505 1706 meis
520 1638 712 1706 fatis-Latio
727 1639 890 1705 considere
907 1640 1048 1706 Teucros

260 1745 515 1830 “Errantesque
531 1746 606 1812 deos
622 1745 814 1831 agitataque
830 1745 965 1810 numina
982 1745 1108 1831 Trojae.

260 1849 281 1882 “
296 1850 384 1914 Tum
400 1849 531 1915 Phoebo
547 1856 582 1914 et
599 1848 727 1914 Triviae
743 1849 844 1914 solido
859 1849 900 1914 de
915 1871 1073 1915 marmore
1091 1850 1256 1936 templum

261 1955 282 1988 “
294 1954 475 2020 Instituam
491 1954 653 2038 festosque
669 1952 738 2018 dies
754 1952 795 2017 de
810 1937 940 2018 iomine
956 1953 1087 2020 Phoebi.
1278 1950 1324 2021 70

261 2060 281 2092 “
297 2060 345 2126 Te
361 2080 490 2145 quoque
505 2080 626 2144 magna
642 2065 777 2122 manent
794 2057 899 2143 regnis
915 2059 1095 2143 penetralia
1111 2059 1253 2126 nostris:

261 2165 281 2198 “
295 2165 360 2230 Hic
375 2186 434 2251 ego
450 2185 592 2250 namque
609 2170 686 2230 tuas
702 2171 803 2228 sortes
818 2184 1002 2249 arcanaque
1017 2164 1096 2249 fata,

261 2271 393 2337 “Dicta
407 2291 498 2336 meae
513 2270 614 2356 genti,
631 2290 761 2355 ponam,
777 2269 940 2354 lectosque
957 2271 1097 2354 sacrabo,

122 2405 140 2432 ι
261 2376 282 2409 “
295 2377 406 2460 Alma,
422 2375 514 2442 viros.
561 2374 661 2440 Foliis
678 2382 811 2438 tantum
827 2395 868 2438 ne
884 2374 1033 2440 earmina
1043 2376 1176 2458 manda,

261 2483 281 2514 “
293 2483 344 2547 Ne
360 2483 495 2547 turbata
510 2482 620 2546 volent
636 2480 756 2565 rapidis
772 2480 912 2546 ludibria
926 2481 1053 2563 ventis;
1281 2477 1326 2547 75

261 2590 374 2676 “Ipsa
390 2611 487 2655 canas
502 2591 585 2655 oro.''
633 2588 751 2653 Finem
766 2587 857 2652 dedit
872 2609 925 2652 ore
940 2587 1102 2671 loquendi.

261 2696 320 2780 At,
337 2693 462 2760 Phoebi
477 2693 622 2758 nondum
638 2692 776 2778 patiens,
793 2691 947 2756 immanis
962 2692 997 2755 in
1012 2698 1107 2756 antro

262 2801 450 2866 Bacchatur
465 2806 569 2883 vates,
586 2820 745 2884 magnum
761 2798 791 2863 si
805 2805 935 2883 pectore
951 2797 1054 2882 possit

261 2905 454 2970 Excussisse
468 2905 586 2970 deum:
612 2909 707 2968 tanto
724 2901 828 2987 magis
842 2901 897 2966 ille
912 2901 1032 2986 fatigat
1047 2917 1050 2925 ’

264 3012 312 3078 Os
328 3010 490 3094 rabidum,
507 3009 575 3073 fera
590 3008 685 3072 corda
700 3007 847 3090 domans,
863 3005 1024 3094 fingitque
1042 3007 1225 3091 premendo.
1283 3007 1328 3072 80

265 3115 360 3182 Ostia
371 3113 507 3199 jamque
523 3113 638 3178 domus
653 3119 789 3196 patuere
804 3110 952 3196 ingentia
968 3122 1102 3176 centum

264 3222 389 3306 Sponte
406 3241 474 3302 suc,
490 3218 641 3302 vatisque
657 3216 767 3282 serunt
783 3237 936 3301 responsa
952 3237 1010 3301 per
1025 3237 1141 3283 auras:

265 3326 328 3392 “O
346 3326 481 3391 tandem
497 3323 625 3410 magnis
641 3321 748 3408 pelagi
762 3320 918 3386 defuncte
934 3321 1077 3407 periclis-

191 3431 196 3440 '
265 3432 286 3464 “
301 3431 365 3497 Sed
381 3439 484 3496 terrae
500 3427 645 3515 graviora
661 3434 823 3510 manent,
839 3425 874 3490 in
890 3447 990 3512 regna
1005 3426 1122 3491 Lavini

265 3536 285 3570 “
300 3534 508 3600 Dardanidae
526 3533 677 3598 venient:
702 3531 800 3596 mitte
816 3531 900 3595 hanc
917 3531 957 3595 de
974 3539 1102 3616 pectore
1118 3553 1256 3613 curam3
1283 3534 1327 3599 85

265 3641 286 3672 “
301 3641 366 3706 Sed
381 3660 446 3704 non
462 3647 496 3703 et
512 3637 634 3704 venisse
650 3637 769 3702 volent.
798 3635 921 3720 ,Bella
938 3635 1067 3700 horrida
1081 3636 1182 3722 belia,

266 3745 349 3810 “Et
367 3743 527 3828 Thybrim
543 3744 648 3808 multo
664 3747 873 3826 spumantem
889 3739 1046 3824 sanguine
1062 3762 1178 3806 cerno·

268 3851 289 3883 “
303 3849 379 3914 Non
396 3848 513 3915 Simois
530 3847 592 3912 tibi
607 3867 665 3910 nec
683 3844 843 3910 Xanthus
859 3864 919 3908 neo
937 3844 1056 3908 Dorica
1072 3855 1182 3910 castra

266 3955 288 3988 “
302 3952 495 4018 Defuerint:
521 3949 604 4016 alius
619 3951 715 4016 Latio
727 3949 797 4034 jam
813 3955 931 4034 partus
947 3948 1102 4034 Achilles,
