2944 4522
232 307 300 374 240
608 322 778 374 nermoos
801 323 866 373 ms.
890 325 922 372 x.

232 485 303 550 Nec
318 507 386 550 non
401 484 577 550 Euanthen
593 484 783 570 Phrygium,
803 483 998 567 Paridisque
1016 482 1179 548 Mimanta

233 588 415 674 Aequalem
431 588 659 673 comitemque,
676 609 743 652 una
758 609 858 672 quern
874 595 970 652 nocte
988 587 1123 651 Theano
1139 665 1144 674 Ι

234 695 276 759 In
291 695 398 760 lucem
413 693 553 780 genitori
568 692 695 778 Amyco
710 693 812 776 dedit,
830 701 864 757 et
879 693 950 756 face
967 713 1150 776 praegnans

234 799 353 866 Cisseis
369 800 481 885 regina
497 798 628 863 Parim:
655 797 746 862 Paris
762 797 841 862 urbe
856 805 991 882 paterna
1228 793 1297 862 705

234 905 392 984 Occubat‚
409 905 564 990 ignarum
579 903 725 968 Laurens
740 902 840 968 habet
856 923 911 966 ora
929 901 1100 972 Mimanta.

233 1009 284 1074 Ao
300 1009 391 1074 velut
407 1008 463 1074 ille
479 1029 599 1074 canum
613 1028 723 1072 morsu
738 1007 779 1071 do
794 1007 959 1071 montibus
975 1006 1051 1070 altis

234 1114 341 1178 Actus
356 1134 443 1199 aper,
461 1113 582 1178 multos
598 1111 741 1177 Vesulus
756 1132 857 1195 quem
873 1110 989 1196 pinifer
1004 1133 1106 1176 annos

235 1219 394 1286 Defendit
409 1219 596 1303 multosque
611 1218 708 1304 palus
724 1217 914 1300 Laurentia,
933 1217 1014 1282 silva

235 1325 355 1390 Paetus
371 1325 557 1408 arundinea,
575 1331 751 1410 postquam
764 1323 851 1390 inter
865 1323 948 1387 retia
963 1329 1102 1410 ventum
1118 1329 1179 1405 est,
1227 1319 1297 1388 710

133 1458 137 1466 ·
236 1430 405 1515 Substitit,
421 1429 654 1514 infremuitque
670 1428 761 1494 ferox
776 1436 810 1493 et
826 1428 985 1494 inhorruit
1002 1449 1128 1509 armos;

235 1534 305 1599 Neo
322 1533 478 1618 cuiquam
492 1533 587 1598 irasci
602 1533 775 1619 propiusve
791 1533 942 1598 accedere
957 1533 1073 1615 virtus,

239 1639 303 1703 Sed
314 1634 432 1722 jaculis
447 1637 596 1721 tutisque
610 1637 723 1723 procul
739 1636 933 1702 clamoribus
950 1635 1079 1701 instant
1092 1657 1101 1718 ;
1150 1629 1154 1634 ’

235 1743 296 1806 Ille
312 1750 425 1807 autem
440 1740 625 1827 impavidus
640 1748 750 1826 partes
767 1748 942 1805 cunctatur
957 1741 992 1804 in
1007 1762 1127 1823 omnes,

238 1847 402 1912 Dentibus
418 1846 612 1928 infrendens,
630 1853 664 1910 et
680 1851 771 1930 tergo
788 1844 914 1910 decutit
929 1845 1063 1912 hastas:
1231 1841 1299 1912 715

237 1950 338 2016 Haud
353 1950 459 2034 aliter,
473 1949 582 2035 justae
598 1950 717 2034 quibus
733 1958 782 2014 est
799 1949 982 2015 Mezentius
997 1950 1073 2034 irae,

237 2056 313 2121 Non
329 2056 390 2120 ulli
405 2063 456 2122 est
471 2055 600 2120 animus
616 2055 729 2122 stricto
745 2077 931 2120 concurrere
948 2055 1027 2121 ferro
1041 2077 1050 2139 ;

237 2161 416 2226 Missilibus
432 2161 526 2246 longe
542 2166 576 2224 et
592 2167 685 2226 vasto
701 2160 839 2226 clamore
855 2160 1028 2227 lacessunt.

237 2265 382 2330 Venerat
398 2265 544 2350 antiquis
561 2264 697 2349 Corythi
713 2266 753 2331 de
768 2265 888 2330 finibus
904 2265 1023 2350 Acron,

238 2371 357 2436 Graius
373 2371 478 2454 homo,
495 2370 630 2436 infectos
645 2371 796 2455 linquens
812 2371 967 2457 profugus
983 2372 1197 2456 hymenaeos:
1232 2370 1300 2441 720

238 2475 337 2540 Hunc
353 2476 411 2541 ubi
425 2476 617 2542 miscentem
632 2477 725 2562 longe
741 2478 849 2542 media
864 2479 997 2563 agmina
1012 2478 1107 2562 vidit,

238 2581 445 2666 Purpureum
461 2581 576 2666 pennis
592 2589 626 2646 et
642 2589 759 2666 pactae
775 2582 921 2668 conjugis
937 2590 1043 2665 ostro;

238 2685 407 2771 Impastus
424 2687 554 2752 stabula
570 2688 639 2752 alta
653 2687 703 2752 leo
718 2709 779 2753 ceu
794 2709 889 2774 saepo
904 2707 1099 2774 peragrans-

240 2791 363 2858 Suadet
380 2791 468 2856 enim
482 2813 602 2856 vesana
616 2792 775 2858 fames-si
791 2792 874 2858 forte
890 2794 1041 2878 fugacem

240 2896 419 2982 Conspexit
435 2919 587 2983 capream
603 2905 663 2963 aut
679 2905 865 2984 surgentem
881 2899 916 2962 in
931 2919 1050 2964 cornua
1065 2919 1209 2981 cervum,
1234 2895 1300 2964 725
1338 2951 1342 2960 .

240 3003 387 3088 Gaudet,
404 3003 499 3068 hians
515 3003 669 3088 immane,
687 3025 860 3088 comasque
877 3004 1009 3088 arrexit,
1027 3011 1061 3068 et
1076 3004 1189 3068 haeret

240 3108 426 3174 Visceribus
442 3108 755 3196 superincumbens,
772 3109 854 3174 lavit
870 3109 1017 3194 improba
1032 3116 1117 3173 teter

240 3214 304 3280 Ora
321 3237 431 3282 cruor:

241 3319 294 3386 Sic
310 3320 376 3384 ruit
391 3320 426 3384 in
441 3320 556 3386 densos
570 3319 676 3386 alacer
692 3319 875 3386 Mezentius
890 3319 1008 3388 hostes.

241 3424 408 3488 Sternitur
423 3423 537 3488 infelix
551 3424 671 3508 Acron,
690 3431 723 3490 et
740 3425 883 3490 calcibus
899 3433 1008 3489 atram
1236 3423 1302 3492 730

241 3527 367 3592 Tnudit
383 3529 523 3593 humum
539 3529 717 3614 exspirans,
733 3529 935 3615 infractaque
952 3531 1019 3596 tela
1035 3540 1196 3598 cruentat.

240 3633 355 3717 Atque
370 3633 457 3697 idem
472 3634 655 3719 fugientem
670 3636 761 3701 haud
776 3642 825 3700 est
842 3636 999 3721 diguatus
1016 3636 1146 3702 Oroden

243 3739 401 3822 Sternere,
419 3761 478 3803 nec
490 3738 581 3824 jacta
597 3761 731 3804 caecum
745 3742 821 3806 dare
837 3741 970 3826 cuspide
989 3741 1130 3823 vulnus;

244 3843 367 3910 Obvius
385 3843 581 3929 adversoque
597 3846 745 3930 occurrit,
765 3867 863 3932 seque
878 3847 946 3911 viro
963 3847 1013 3911 vir

243 3949 403 4034 Contulit,
420 3950 510 4016 haud
524 3949 611 4016 furto
626 3951 739 4016 melior
753 3953 811 4018 sed
825 3951 964 4018 fortibus
981 3953 1089 4020 armis.
1239 3951 1303 4021 735
