2838 4522
480 311 650 357 susumus
674 313 739 360 LIB.
764 313 784 359 1.

105 466 231 534 Oircum
247 469 391 535 claustra
406 469 550 535 fremunt
566 492 574 553 ;
600 472 685 537 celsa
701 473 790 538 sedet
806 473 928 538 Aeolus
944 495 1028 558 arce,

105 573 235 660 Sceptra
252 583 380 660 tenens,
397 575 569 660 mollitque
586 577 710 642 animos
726 587 760 642 et
776 585 938 663 temperat
954 577 1040 645 iras:

104 677 145 742 Ni
159 678 271 764 faciat,
289 679 394 744 maria
409 702 447 744 ac
464 688 567 745 terras
583 682 773 766 coelumque
789 683 987 767 profundum

104 781 228 868 Quippe
243 784 352 848 ferant
369 785 474 870 rapidi
490 805 601 850 secum
616 795 810 872 verrantque
826 809 884 872 per
899 809 1004 854 auras.
1174 859 1178 870 ,

105 887 162 952 Sed
178 897 274 972 pater
289 888 495 976 omnipotens
512 891 674 975 speluncis
689 893 815 956 abdidit
832 893 922 976 atris,
1112 895 1161 968 ,60

102 991 169 1058 Hoc
184 1002 348 1078 metuens,
366 995 548 1080 molemque
564 1003 598 1060 et
615 1003 742 1062 montes
757 997 890 1084 insuper
905 997 990 1062 altos

102 1097 271 1184 Imposuit,
290 1121 463 1186 regemque
478 1100 580 1183 dedit,
594 1100 652 1185 qui
665 1101 791 1166 foedere
807 1109 895 1166 certo

102 1201 143 1268 Et
158 1226 306 1290 premere
321 1212 355 1269 et
371 1205 463 1270 laxas
480 1205 575 1271 sciret
591 1207 668 1271 dare
680 1205 790 1291 jussus
806 1207 959 1273 habenas.

102 1309 153 1374 Ad
168 1332 268 1395 quem
283 1318 358 1375 tum
374 1311 466 1376 Iuno
484 1313 623 1397 supplex
638 1312 689 1376 his
704 1312 837 1377 vocibus
852 1333 912 1376 usa
928 1321 998 1378 cst:

103 1413 121 1446 “
132 1415 394 1500 Aeole-namque
411 1415 473 1480 tibi
488 1417 602 1480 divum
618 1424 713 1502 pater
728 1423 827 1502 atque
843 1417 1014 1481 hominum
1029 1437 1085 1482 rex
1118 1417 1160 1482 65

103 1519 179 1584 “Et
196 1522 339 1586 mulcere
355 1521 445 1585 dedit
461 1521 582 1586 fluctus
599 1529 632 1586 et
649 1521 761 1586 tollere
777 1529 901 1606 vento,

103 1625 222 1692 “Gens
238 1626 371 1692 inimica
385 1626 466 1690 mihi
483 1626 688 1710 Tyrrhenum
704 1627 837 1712 navigat
853 1649 982 1713 aequor,

104 1729 236 1796 “Illum
251 1731 286 1795 in
301 1732 437 1796 Italiam
452 1739 585 1817 portans
601 1732 768 1818 victosque
785 1733 925 1798 Penates
940 1755 947 1800 :

67 1895 75 1913 ,
104 1834 122 1865 “
135 1836 252 1901 Incute
267 1837 336 1900 vim
352 1837 458 1902 ventis
474 1838 720 1923 submersasque
735 1839 834 1902 obrue
850 1860 988 1923 puppes,

103 1938 124 1972 “
136 1940 206 2006 Aut
222 1959 281 2028 age
297 1942 438 2007 diversos
454 1949 487 2006 et
503 1942 613 2028 disjice
630 1963 760 2028 corpora
776 1949 884 2026 ponto.
1117 1939 1161 2009 70

104 2043 123 2076 “
137 2045 222 2111 Sunt
237 2046 320 2114 mihi
333 2046 384 2111 bis
401 2055 527 2132 septem
543 2047 726 2132 praestanti
742 2067 870 2130 corpore
886 2046 1071 2131 Nymphae,

104 2147 123 2180 “
136 2151 292 2236 Quarum,
310 2173 393 2236 quae
408 2152 512 2216 forma
528 2151 746 2245 pulcherrima
763 2151 918 2234 Deiopea,

104 2253 123 2285 “
137 2255 306 2321 Oonnnbio
317 2255 458 2342 jungam
474 2256 584 2322 stabili
600 2255 828 2342 propriamque
846 2254 971 2339 diceba,

37 2443 41 2448 Ι
104 2359 261 2426 “Omnes
276 2369 315 2426 ut
331 2369 443 2426 tecum
459 2362 584 2427 meritis
600 2384 658 2447 pro
670 2361 795 2426 'talibus
812 2382 912 2425 annos

103 2464 123 2496 “
136 2465 307 2552 Erigat,et
323 2467 461 2552 pulchra
475 2466 576 2532 faciat
593 2474 626 2530 tc
642 2468 729 2552 prole
746 2467 947 2551 parentem.”
1117 2462 1160 2532 75

101 2569 221 2636 Aeolus
236 2571 315 2636 haec
331 2579 465 2638 contra:
492 2571 513 2604 “
527 2571 630 2656 Tuus,
647 2593 666 2636 o
682 2571 800 2656 regina,
819 2570 897 2655 quid
914 2578 1016 2656 optes,
1127 2647 1137 2660 κ

103 2673 122 2704 “
134 2674 312 2760 Explorate
328 2677 428 2759 labor,
445 2675 527 2740 mihi
539 2675 631 2760 jussa
647 2695 810 2760 capessere
826 2674 875 2738 fas
891 2683 949 2740 est.

102 2777 121 2808 “
135 2779 188 2843 Tu
205 2779 296 2864 mihi,
314 2781 540 2864 quodcumque
552 2779 616 2845 boc
634 2779 733 2864 regni,
750 2785 791 2842 tu
807 2777 972 2862 sceptrad
974 2799 1130 2862 ovemque

101 2880 121 2914 “
134 2882 306 2969 concilias,
324 2895 363 2950 tu
378 2886 436 2949 das
452 2883 555 2968 epulis
571 2883 759 2947 accumbere
775 2881 898 2966 divum,

101 2987 121 3018 “
133 2988 393 3074 Nimborumqric
408 2988 488 3054 facis
503 2995 805 3073 tempestatumque
821 2988 1019 3072 potentem.”
1116 2987 1160 3050 80

99 3091 189 3157 Haec
206 3092 264 3157 ubi
279 3093 379 3176 dicta,
397 3113 514 3158 cavum
530 3112 682 3156 conversa
699 3091 832 3176 cuspide
848 3096 995 3154 montem
1031 3142 1034 3150 .

98 3199 241 3315 Impulit
256 3200 406 3283 inlatus,
423 3221 461 3264 ac
477 3197 578 3282 venti,
595 3197 686 3261 velut
703 3196 833 3282 agmine
848 3195 946 3276 facto,

98 3303 171 3384 Qua
188 3305 247 3368 dat
234 3313 268 3368 ta
284 3310 389 3388 porta,
407 3309 508 3367 ruunt
525 3308 588 3366 ett
592 3322 676 3365 erras
692 3299 824 3364 turbine
840 3297 990 3383 perflant.

97 3407 282 3473 Incubuere
276 3408 390 3492 mari,
408 3415 581 3492 totumque
597 3427 614 3470 e
631 3404 785 3470 sedibus
775 3402 849 3468 nnis

97 3512 177 3579 Una
172 3508 452 3618 ‘Eu'rusquet
383 3512 452 3577 Not
453 3489 556 3598 iisque
572 3518 674 3576 ruunt
690 3510 862 3592 creberque
878 3507 1026 3593 procellis
1117 3508 1159 3571 85

96 3589 241 3702 Atridis,
259 3624 292 3682 et
309 3625 416 3682 vastos
432 3617 568 3682 volvunt
583 3617 626 3680 ad
640 3615 737 3680 litora
752 3614 833 3678 fluct
819 3621 883 3679 tus.

97 3723 292 3807 insequitur
307 3721 493 3806 clamorque
509 3722 616 3785 virum
633 3719 812 3804 stridorque
828 3719 1014 3783 rudentum

97 3825 254 3912 Eripiunt
271 3825 379 3892 subito
394 3825 498 3891 nubes
513 3825 703 3909 coelumque
718 3824 870 3908 diemque

97 3931 301 3997 Teucrorum
317 3951 358 3996 ex
373 3929 496 3996 oculis:
521 3936 622 4014 ponto
637 3949 702 3992 nox
718 3928 852 3992 incubat
868 3935 962 4005 atra3
