2944 4522
248 333 315 402 262
617 351 788 400 snrnmos
811 353 877 400 nra.
903 351 949 400 xr.

251 511 357 580 Obvia
372 511 436 597 cui,
453 511 645 581 Volscorum
660 513 729 579 acie
744 513 932 595 comitante,
951 511 1093 580 Camilla

251 617 422 701 Occurrit;
446 619 613 704 portisque
629 620 671 684 ab
688 641 771 704 equo
789 620 899 704 regina
915 620 976 684 sub
991 618 1071 704 ipsis

250 722 402 808 Desiluit,
420 745 519 809 quam
534 732 606 789 tota
623 725 734 790 cohors
749 724 883 789 imitata
899 724 1019 789 relictis
1243 719 1312 786 500

249 827 305 893 Ad
321 837 441 922 terram
456 829 595 894 defluxit
611 831 722 914 equis,
746 837 821 894 tum
836 830 918 894 talia
933 828 1039 894 fatur:

250 931 272 966 “
285 933 406 1020 Turne,
424 935 473 1001 sui
491 935 607 1001 merito
624 935 731 1020 siqua
747 943 798 1000 est
813 935 941 1000 fiducia
951 934 1039 1018 forti,

250 1037 401 1105 “Audeo
418 1048 451 1106 et
468 1039 662 1106 Aeneadum
676 1041 833 1127 promitto
849 1061 1008 1106 occurrere
1024 1046 1164 1121 turmae,

250 1143 423 1230 “Solaque
440 1145 621 1230 Tyrrhenos
636 1145 761 1230 equites
775 1145 821 1211 ire
837 1145 932 1211 obvia
948 1151 1068 1210 contra.

250 1249 272 1282 “
285 1250 340 1315 Me
356 1249 425 1316 sine
440 1251 545 1337 prima
560 1273 662 1316 manu
678 1259 805 1317 tentare
821 1250 965 1336 pericula
979 1248 1058 1314 belli
1072 1269 1081 1331 3
1241 1245 1309 1312 505

251 1356 272 1388 “
287 1357 341 1421 Tu
356 1358 456 1442 pedes
471 1359 514 1422 ad
528 1379 639 1424 muros
655 1359 793 1424 subsiste
809 1364 843 1422 et
859 1355 987 1422 moenia
1004 1355 1127 1420 serve.”

250 1463 382 1527 Turnus
397 1464 440 1528 ad
455 1463 546 1547 haec,
564 1464 670 1530 oculos
685 1464 844 1529 horrenda
859 1463 895 1528 in
909 1462 1033 1548 virgine
1048 1460 1155 1525 fixus:

251 1566 314 1634 “0
331 1569 428 1634 decus
444 1569 572 1653 Italiae,
585 1569 682 1656 virge,
701 1590 781 1654 quas
797 1569 902 1633 dicere
919 1573 1029 1653 grates

250 1671 271 1704 “
284 1673 412 1753 Quosve
428 1672 540 1737 referre
555 1675 697 1758 parem?
724 1649 789 1740 Sed
804 1694 902 1756 nunc,
919 1679 969 1736 est
985 1669 1095 1736 omnia
1110 1667 1245 1753 quando

251 1777 272 1809 “
285 1769 354 1842 Iste
371 1778 498 1842 animus
514 1799 621 1863 supra,
638 1799 766 1842 meeum
783 1776 903 1862 partire
917 1776 1071 1841 laborem.
1242 1771 1310 1838 510

251 1883 271 1915 “
282 1883 419 1965 Aeneae,
435 1891 475 1948 ut
490 1882 578 1948 fama
593 1882 691 1947 fidem
706 1881 859 1966 missique
874 1887 1041 1967 reportant

251 1986 272 2018 “
285 1987 525 2073 Exploratores,
542 1987 693 2072 equitum
704 1986 789 2051 levia
804 1986 969 2072 improbus
986 2004 1076 2049 arma

251 2091 272 2124 “
285 2092 469 2176 Praemisit,
487 2099 660 2176 quaterent
676 2109 830 2176 campos3
854 2090 925 2176 1000
941 2089 1045 2154 ardua
1059 2085 1180 2154 montis
1234 2113 1239 2128 ·

251 2194 272 2228 “
286 2197 350 2260 Per
365 2197 493 2261 deserta
504 2194 584 2281 jugo
600 2217 754 2281 superans
770 2179 928 2259 adventat
945 2194 988 2258 ad
1002 2192 1127 2256 urbem.

251 2299 391 2364 “Furta
406 2321 484 2385 paro
499 2300 577 2365 belli
593 2321 733 2365 convexo
748 2297 784 2362 in
800 2297 933 2362 tramite
950 2296 1061 2378 silvae,
1244 2291 1310 2357 515
1339 2341 1347 2354 .
1467 2315 1468 2336 ¹

251 2404 272 2436 “
287 2405 338 2470 Ut
353 2404 457 2476 bivias
474 2413 600 2470 armato
615 2405 761 2470 obsidam
777 2403 883 2468 milite
899 2403 1017 2467 fauces.

251 2507 272 2540 “
289 2507 342 2573 'Pu
359 2507 563 2593 Tyrrhenum
579 2501 723 2593 equitem
738 2505 865 2573 collatis
881 2506 993 2592 excipe
1010 2503 1117 2590 signis.

251 2614 410 2678 “Tecum
425 2635 499 2678 acer
514 2613 683 2698 Messapus
699 2615 771 2697 erit,
789 2621 982 2697 turmaeque
998 2609 1136 2675 Latinae

251 2717 273 2751 “
288 2717 483 2803 Tiburtique
498 2739 635 2800 manus;
660 2718 753 2784 ducis
770 2725 803 2782 et
819 2725 858 2782 tu
874 2716 1006 2801 concipe
1022 2713 1166 2779 curam.”

252 2823 304 2890 sie
321 2823 379 2902 ait,
397 2830 431 2886 et
446 2823 578 2908 paribus
594 2814 784 2908 Messapum
799 2821 835 2886 in
850 2821 970 2906 proelia
985 2817 1084 2884 dictis
1243 2813 1310 2880 520

250 2928 415 2992 Hortatur
430 2927 593 3012 sociosque
609 2928 717 3010 duces,
736 2934 769 2991 et
784 2925 890 3012 pergit
907 2925 941 2989 in
956 2925 1094 2990 hostem.

251 3033 313 3098 Est
329 3055 426 3098 curvo
441 3032 591 3098 anfractu
606 3031 718 3116 valles,
737 3031 946 3096 accommoda
961 3028 1070 3094 fraudi
1118 3013 1123 3022 ⁸

250 3137 490 3223 Armorumque
506 3138 597 3222 dolis,
615 3158 714 3222 quam
730 3136 838 3202 densis
853 3136 1019 3202 frondibus
1035 3145 1147 3198 atrum

251 3242 380 3329 Urguet
395 3243 561 3328 utrimque
576 3242 677 3323 latus,
690 3241 800 3307 tenuis
816 3261 880 3325 quo
896 3239 1013 3305 semita
1027 3236 1129 3320 ducit,

250 3345 484 3433 Angustaeque
499 3349 609 3412 ferunt
624 3346 735 3410 fauces
750 3345 922 3429 aditusque
937 3341 1094 3428 maligni3

251 3451 347 3516 Hanc
363 3474 459 3538 super
473 3453 509 3517 in
525 3451 663 3538 speculis
680 3469 871 3534 summoque
886 3449 922 3514 in
937 3447 1057 3513 vertice
1073 3443 1198 3510 montis

251 3557 410 3623 Planities
424 3557 538 3644 ignota
549 3557 649 3644 jacet,
666 3557 797 3641 tutique
813 3577 967 3638 recessus,

252 3661 317 3727 Seu
332 3662 448 3727 dextra
463 3663 619 3748 laevaque
635 3661 714 3727 velis
730 3681 891 3726 occurrere
906 3677 1046 3744 pugnae,

252 3765 325 3832 Sive
340 3765 460 3830 instare
471 3765 562 3852 jugis
578 3773 613 3831 et
628 3764 764 3852 grandia
779 3763 904 3828 volvere
920 3782 1010 3828 saxa.

251 3869 326 3934 Huc
338 3869 466 3953 juvenis
481 3877 560 3935 nota
575 3870 677 3936 fertur
692 3868 819 3954 regione
835 3868 973 3950 viarum,
1034 3872 1036 3877 '
1244 3858 1309 3926 530

252 3972 465 4057 Arripuitque
481 3975 590 4039 locum
606 3982 639 4040 et
656 3975 744 4040 silvis
759 3973 881 4040 insedit
897 3970 1026 4056 iniquis.
