2944 4522
487 330 746 379 erumnosus.
772 331 847 379 vrri.
1141 311 1204 380 187

141 489 160 524 “
176 490 346 577 Signaque
359 489 442 556 ferre
453 490 573 575 jubent
586 511 594 574 ;
619 491 739 556 retinet
755 492 931 577 longaevus
947 491 1123 577 haruspex,
1213 531 1218 541 ·

138 595 160 628 “
171 596 261 662 Fata
278 617 413 662 canens:
442 594 494 662 ‘O
512 595 682 662 Maeoniae
697 597 824 662 delecta
835 597 1004 682 juventus,
1180 677 1186 686 Ι

138 700 159 732 “
173 700 273 766 ‘Flos
285 707 435 765 veterum
446 700 615 786 virtusque
624 701 743 785 virum,
752 723 832 786 quos
838 701 948 786 justus
957 703 994 766 in
1003 701 1130 768 hostem
1141 703 1207 770 500

138 805 160 838 “
175 805 278 870 ‘Fert
295 805 385 870 dolor
399 813 433 870 51
449 805 565 870 11151115
581 807 730 871 accendit
746 806 931 872 Mezentius
945 807 1005 891 ira,

139 911 160 942 “
176 909 184 942 ‘
199 909 295 974 Nulli
310 909 360 974 fas
376 909 463 974 Italo
479 916 611 974 tantam
627 910 823 996 subjungere
839 918 972 996 gentem
986 931 995 993 ;

140 1015 161 1047 “
175 1015 186 1085 ,‘
199 1014 365 1080 Externos
380 1021 493 1099 optate
509 1015 629 1080 duces.'
677 1013 766 1078 Tum
781 1014 923 1079 Etrusca
939 1014 1057 1080 resedit

140 1118 247 1184 “Hoc
262 1119 347 1184 acies
363 1139 487 1204 campo,
504 1119 637 1184 monitis
653 1119 808 1185 exterrita
824 1119 945 1186 divum.

140 1223 253 1309 “lpse
272 1231 414 1288 oratores
430 1223 540 1288 adme
556 1223 711 1310 regnique
728 1246 879 1289 coronam
1141 1229 1206 1293 505

141 1329 162 1361 “
176 1331 266 1396 (lum
282 1335 409 1414 sceptro
424 1327 526 1412 misit,
543 1329 745 1414 mandatque
760 1330 900 1416 insignia
917 1330 1078 1415 Tarchon,

141 1437 162 1468 “
177 1437 361 1502 Suecedam
376 1434 500 1519 castris,
518 1435 749 1520 Tyrrhenaque
765 1457 863 1522 regna
879 1458 1056 1522 capessam.

142 1541 242 1608 “Sed
257 1539 340 1607 mihi
355 1541 450 1604 tarda
464 1541 539 1626 gelu
555 1541 731 1625 saeclisque
748 1540 846 1606 effeta
863 1551 1013 1608 senectus

142 1648 310 1714 “Invidet
325 1647 509 1732 imperium,
527 1669 677 1732 seraeque
693 1649 737 1712 ad
751 1648 849 1714 fortia
865 1649 956 1716 vires.

144 1755 330 1821 “Gnatum
346 1753 542 1838 exhortarer,
559 1753 594 1817 ni
610 1753 736 1819 mixtus
751 1762 855 1819 matre
874 1755 1005 1831 Sabella
1140 1757 1206 1822 510

142 1860 164 1892 “
177 1860 266 1924 Hinc
282 1865 411 1944 partem
426 1858 551 1944 patriae
566 1858 719 1925 traheret.
767 1858 831 1943 Tu,
849 1859 941 1944 cujus
957 1867 991 1924 et
1008 1861 1102 1924 annis

144 1966 165 1998 “
177 1966 225 2030 Et
240 1964 350 2051 generi
365 1964 435 2028 fata
450 1963 634 2048 indulgent,
653 1985 751 2048 quem
767 1965 905 2029 numina
921 1974 1071 2049 poscunt,

143 2071 164 2103 “
177 2071 362 2156 Ingredere,
379 2092 397 2134 o
415 2069 578 2134 Teucrum
594 2077 693 2154 atque
710 2069 835 2134 Italum
852 2069 1027 2134 fortissime
1044 2071 1167 2135 ductor.

143 2175 165 2209 “
177 2176 277 2240 Hunc
295 2175 356 2240 tibi
371 2182 547 2260 praeterea,
565 2195 638 2260 spes
654 2182 687 2239 et
704 2174 820 2240 solatia
836 2174 949 2258 nostri,

144 2281 164 2314 “
177 2281 333 2345 Pallanta
347 2279 546 2364 adjungam:
571 2279 632 2345 suh
649 2287 682 2343 te
698 2279 834 2344 tolerare
849 2278 1006 2364 magistro
1141 2281 1206 2346 515

143 2387 165 2420 ‘⁶
180 2386 339 2450 Militiam
356 2393 390 2450 51
405 2405 502 2471 grave
519 2384 637 2450 Martis
653 2405 745 2470 opus,
763 2393 822 2449 tua
838 2405 966 2449 cernere
982 2385 1071 2450 facta

120 2555 122 2560 .
143 2491 166 2523 “
178 2491 369 2571 Assuescat,
386 2489 501 2575 primis
516 2497 549 2554 et
566 2498 599 2554 te
614 2489 751 2554 miretur
766 2489 808 2554 ab
825 2490 927 2556 annis.

144 2594 166 2627 “
179 2594 327 2660 Arcadas
342 2594 418 2659 huic
434 2593 559 2679 equites
574 2593 625 2658 bis
641 2600 786 2678 centum,
804 2595 917 2660 robora
932 2595 1029 2680 pubis

144 2700 166 2732 “
179 2699 293 2784 Lecta,
311 2699 406 2783 dah0,
423 2699 626 2784 totidemque
643 2720 700 2764 suo
716 2698 778 2763 tihi
793 2699 922 2765 nomine
940 2697 1081 2766 Pallas.”

144 2804 214 2869 Vix
231 2825 269 2869 ea
283 2804 373 2869 fatus
388 2812 457 2869 erat
472 2826 479 2871 :
504 2805 668 2888 defixique
683 2825 739 2868 ora
754 2804 912 2870 tenebant
1136 2808 1203 2873 520

144 2910 274 2976 Aeneas
289 2909 505 2976 Anchisiades
521 2917 554 2976 et
569 2910 655 2974 fidus
670 2909 835 2993 Achates;

144 3016 319 3101 Multaque
335 3017 415 3082 dura
430 3037 489 3080 suo
504 3015 593 3080 tristi
607 3031 684 3080 oum
699 3017 792 3080 corde
807 3016 984 3102 putabant,

144 3121 190 3185 Ni
207 3120 338 3205 signum
354 3121 441 3186 coelo
457 3119 618 3205 Cytherea
634 3119 777 3186 dedisset
794 3129 914 3206 aperto.

143 3227 298 3312 Namque
314 3226 487 3312 improviso
502 3226 648 3292 vibratus
664 3225 706 3292 ab
721 3227 853 3292 aethere
868 3227 975 3313 fulgor

145 3333 233 3399 Cum
249 3332 358 3398 sonitu
373 3333 474 3417 venit,
492 3340 525 3398 et
541 3353 631 3398 ruere
646 3334 756 3398 omnia
771 3333 841 3398 visa
857 3340 1006 3418 repente,
1142 3334 1208 3401 525

147 3441 400 3525 Tyrrhenusque
413 3440 513 3505 tubae
528 3439 655 3526 mugire
670 3461 729 3525 per
744 3440 876 3504 aethera
891 3440 1028 3526 clangor.

115 3577 122 3592 ·
147 3547 361 3633 Suspieinnt3
385 3547 506 3612 iterum
521 3554 622 3632 atque
637 3546 760 3611 iterum
775 3545 881 3631 fragor
895 3545 1043 3632 increpat
1060 3546 1185 3633 ingens.

145 3653 250 3718 Arma
265 3653 353 3717 inter
368 3652 490 3716 nubem
505 3652 586 3716 coeli
596 3651 632 3715 in
647 3650 773 3736 regione
791 3671 903 3715 serena

146 3758 210 3823 Per
225 3760 347 3825 sudum
364 3756 497 3821 rutilare
512 3756 625 3820 vident
642 3763 675 3820 et
691 3755 787 3840 pulsa
803 3761 925 3824 tonare.

148 3863 356 3951 Obstupuere
372 3861 490 3926 animis
506 3861 582 3943 alii;
607 3861 664 3925 sed
680 3860 797 3926 Troius
812 3860 904 3928 heros
1143 3863 1210 3929 530

148 3968 295 4057 Agnovit
312 3965 457 4032 sonitum
474 3973 508 4030 et
524 3964 619 4030 divae
634 3964 793 4050 promissa
809 3966 962 4052 parentis.
