2922 4516
250 295 316 362 298
607 311 779 359 animnos
801 311 866 361 nm.
891 312 951 360 xu.

251 473 315 539 Sed
331 471 467 558 stirpem
484 459 603 537 Teucri
617 472 708 537 nullo
723 471 908 537 discrimine
924 491 1054 538 sacrum
1244 463 1314 536 7¹70

251 575 471 659 sustulerant,
488 596 569 661 puro
585 582 625 640 ut
639 584 772 661 possent
788 595 973 642 concurrere
990 595 1115 660 campo.

251 679 317 745 Hic
332 680 429 745 hasta
444 679 575 745 Aeneae
592 681 713 764 stabat,
729 680 794 745 huc
810 680 957 765 impetus
972 678 1065 744 illam

206 841 212 851 ,
251 784 426 850 Detulerat
440 784 542 850 fixam
558 792 592 850 et
606 785 698 849 lenta
713 785 749 849 in
765 784 871 850 radice
886 785 1032 850 tenebat.

252 889 410 955 Incubuit
427 889 597 974 voluitque
612 911 715 954 mauu
731 889 907 954 convellere
922 887 1045 954 sermm

235 1067 239 1080 ,
256 993 466 1078 Dardanides,
483 994 614 1079 teloque
630 993 733 1079 sequi,
750 1015 850 1078 quem
864 994 1019 1079 prendere
1034 1013 1133 1058 cursu
1245 988 1313 1060 775

254 1096 327 1162 Nou
343 1104 481 1182 poterat.
529 1097 616 1162 Tum
633 1119 705 1162 vero
722 1118 834 1162 amens
850 1096 1022 1163 formidine
1038 1096 1169 1162 Turnus
1202 1113 1205 1122 ·

253 1201 274 1235 “
286 1201 413 1286 Fauna,
429 1223 549 1288 precor,
563 1201 745 1286 miserere,”
762 1201 870 1287 inquit
888 1200 1021 1287 “tuque
1038 1201 1162 1287 optima
1176 1199 1299 1265 ferrum

254 1303 275 1340 “
289 1307 388 1372 Terra
403 1313 489 1392 tene,
506 1307 592 1372 colui
606 1315 727 1372 vestros
743 1307 770 1372 si
787 1327 915 1393 semper
930 1306 1075 1389 honores,

266 1412 377 1494 ‘Quos
392 1421 505 1478 contra
519 1411 693 1478 Aeneadae
708 1413 794 1478 bello
807 1412 910 1478 fecere
925 1412 1106 1499 profanos.''

254 1517 363 1603 Dixit,
379 1538 538 1603 opemque
554 1516 608 1582 dei
622 1538 689 1582 non
704 1536 795 1582 cassa
809 1517 845 1582 in
859 1524 936 1582 vota
951 1516 1098 1583 vocavit:
1246 1510 1315 1581 780

254 1622 407 1708 Namque
423 1621 481 1688 diu
494 1622 626 1688 luctans
640 1622 793 1707 lentoque
808 1622 844 1686 in
859 1622 961 1708 stirpe
976 1629 1122 1688 moratus

253 1725 388 1792 Viribus
403 1726 493 1792 haud
507 1725 584 1792 ullis
600 1726 707 1792 valuit
723 1726 904 1792 discludere
918 1748 1046 1794 morsus

254 1830 388 1897 Roboris
403 1829 541 1898 Aeneas
590 1831 681 1896 Dum
696 1830 819 1897 nititur
833 1853 908 1898 acer
923 1840 957 1898 et
972 1833 1086 1917 instat,

254 1935 379 2002 Rursus
393 1936 429 2001 iu
444 1935 574 2022 aurigae
588 1935 706 2002 faciem
720 1944 853 2002 mutata
868 1937 1002 2003 Metisci

254 2039 419 2106 Procurrit
434 2039 592 2125 fratrique
608 2062 717 2107 ensem
732 2041 793 2106 dea
809 2041 941 2107 Daunia
957 2041 1073 2108 reddit.
1248 2037 1318 2108 785

255 2144 350 2226 Quod
365 2143 479 2210 Venus
494 2145 612 2211 audaci
626 2145 791 2231 nymphae
806 2145 980 2233 indignata
994 2147 1100 2232 licere,

254 2247 415 2332 Accessit,
434 2248 602 2334 telumque
618 2250 687 2314 alta
702 2251 743 2316 ab
759 2251 867 2316 radice
883 2245 1019 2318 revellit.

257 2352 326 2420 Olli
341 2352 507 2438 sublimes,
524 2353 624 2420 armis
639 2354 820 2441 animisque
835 2355 957 2440 refecti,

255 2457 319 2523 Hic
334 2457 443 2544 gladio
458 2459 573 2543 fidens,
590 2459 643 2526 hic
660 2481 733 2526 acer
747 2467 781 2526 et
798 2461 920 2527 arduus
935 2460 1043 2545 hasta,

255 2560 435 2627 Adsistunt
450 2569 563 2628 contra
579 2564 756 2631 certamine
772 2564 889 2630 Martis
905 2565 1024 2632 anheli.
1249 2561 1320 2631 790

321 2665 489 2732 duuonem
503 2666 629 2733 interea
644 2689 701 2734 rex
717 2669 951 2755 omnipotentis
967 2668 1099 2755 Olympi

255 2769 455 2855 Alloquitur,
467 2770 560 2836 fulva
574 2793 702 2858 pugnas
717 2774 757 2838 de
772 2773 860 2838 nube
876 2780 1045 2839 tuentem:

257 2873 379 2956 “Quae
391 2874 462 2960 jam
477 2875 552 2942 finis
567 2876 639 2962 erit,
656 2876 803 2962 conjux?
829 2877 909 2962 quid
924 2877 1063 2963 denique
1079 2879 1210 2943 restat?

257 2979 477 3068 “Indigetem
493 2982 629 3048 Aenean
644 2983 706 3048 seis
720 2983 801 3069 ipsa,
819 2990 853 3048 et
870 2983 949 3049 scire
965 2981 1089 3068 fateris,

257 3084 413 3150 “Deberi
428 3086 525 3171 coelo,
542 3086 684 3172 fatisque
700 3089 742 3153 ad
758 3088 863 3153 sidera
878 3088 959 3154 tolli.
1251 3083 1319 3156 795

258 3188 379 3270 “Quid
395 3190 504 3275 struis,
521 3198 581 3256 aut
597 3212 662 3276 qua
678 3213 735 3277 spe
749 3191 863 3278 gelidis
878 3193 914 3257 in
928 3193 1070 3258 nubibus
1085 3192 1225 3258 haeres?

258 3294 280 3327 “
294 3294 460 3360 Mortalin'
476 3296 587 3361 decuit
602 3296 715 3362 violari
730 3298 863 3362 vulnere
879 3298 1004 3382 divum,
1060 3362 1063 3368 .

258 3397 364 3463 “Aut
379 3400 596 3484 ensem-quid
611 3401 700 3466 enim
716 3401 785 3466 sine
801 3410 835 3466 tc
851 3401 875 3467 J
877 3409 998 3466 uturna
1014 3401 1136 3466 valeret
1151 3403 1190 3467 Ρ-

258 3502 280 3536 “
292 3502 455 3588 Ereptum
471 3503 563 3570 reddi
579 3505 704 3588 Turno,
721 3513 756 3570 et
771 3505 839 3570 vim
854 3528 991 3572 creseere
1007 3506 1128 3572 victis?

259 3604 412 3671 “Desine
425 3607 497 3691 jam
512 3609 658 3692 tandem,
676 3608 888 3694 precibusque
903 3609 1067 3674 inflectere
1083 3609 1227 3691 uostris;
1252 3609 1320 3673 800

259 3707 280 3740 “
293 3708 364 3773 Nec
380 3717 413 3775 te
429 3718 548 3776 tantus
564 3713 640 3777 edat
656 3713 795 3778 tacitam
810 3713 907 3797 dolor,
925 3721 959 3778 et
975 3712 1057 3778 mihi
1073 3734 1169 3778 curae

260 3813 282 3846 “
297 3814 399 3900 Saepe
415 3822 474 3880 tuo
488 3815 578 3882 dulei
593 3815 703 3882 tristes
718 3838 760 3882 ex
776 3839 828 3882 cre
844 3824 1017 3884 recursant.

260 3916 445 3983 “Ventum
461 3921 503 3984 ad
520 3940 709 4006 supremum
725 3928 785 3988 est.
832 3921 940 3989 Terris
956 3923 1082 4009 agitare
1097 3923 1151 3988 vel
1165 3924 1263 3990 undis
