<?xml version="1.0" encoding="UTF-8"?>
<!DOCTYPE html PUBLIC "-//W3C//DTD XHTML 1.0 Transitional//EN"
    "http://www.w3.org/TR/xhtml1/DTD/xhtml1-transitional.dtd">
<html xmlns="http://www.w3.org/1999/xhtml" xml:lang="en" lang="en">
 <head>
  <title>
</title>
<meta http-equiv="Content-Type" content="text/html;charset=utf-8" />
  <meta name='ocr-system' content='tesseract 3.04.00' />
  <meta name='ocr-capabilities' content='ocr_page ocr_carea ocr_par ocr_line ocrx_word'/>
</head>
<body>
  <div class='ocr_page' id='page_1' title='image "./virgilsaeneidwi00virggoog_0190.png"; bbox 0 0 2898 4518; ppageno 0'>
   <div class='ocr_carea' id='block_1_1' title="bbox 238 315 938 380">
    <p class='ocr_par' dir='ltr' id='par_1_1' title="bbox 238 315 938 380">
     <span class='ocr_line' id='line_1_1' title="bbox 238 315 938 380; baseline 0 -2"><span class='ocrx_word' id='word_1_1' title='bbox 238 315 300 380; x_wconf 90' lang='grc'>166</span> <span class='ocrx_word' id='word_1_2' title='bbox 592 331 764 378; x_wconf 79' lang='grc'><strong>11111101</strong></span> <span class='ocrx_word' id='word_1_3' title='bbox 787 333 852 380; x_wconf 78' lang='lat' dir='ltr'>nus.</span> <span class='ocrx_word' id='word_1_4' title='bbox 878 331 938 378; x_wconf 87' lang='lat' dir='ltr'>vn.</span> 
     </span>
    </p>
   </div>
   <div class='ocr_carea' id='block_1_2' title="bbox 236 490 1301 891">
    <p class='ocr_par' dir='ltr' id='par_1_2' title="bbox 236 490 949 576">
     <span class='ocr_line' id='line_1_2' title="bbox 236 490 949 576; baseline 0 -20"><span class='ocrx_word' id='word_1_5' title='bbox 236 492 308 557; x_wconf 84' lang='lat' dir='ltr'>Aut</span> <span class='ocrx_word' id='word_1_6' title='bbox 323 490 408 556; x_wconf 87' lang='lat' dir='ltr'>leves</span> <span class='ocrx_word' id='word_1_7' title='bbox 424 511 532 556; x_wconf 86' lang='lat' dir='ltr'>ocreas</span> <span class='ocrx_word' id='word_1_8' title='bbox 545 491 635 556; x_wconf 89' lang='lat' dir='ltr'>lento</span> <span class='ocrx_word' id='word_1_9' title='bbox 650 493 777 557; x_wconf 91' lang='lat' dir='ltr'>ducunt</span> <span class='ocrx_word' id='word_1_10' title='bbox 794 498 949 576; x_wconf 89' lang='lat' dir='ltr'>argento:</span> 
     </span>
    </p>

    <p class='ocr_par' dir='ltr' id='par_1_3' title="bbox 236 594 1301 786">
     <span class='ocr_line' id='line_1_3' title="bbox 236 594 1301 680; baseline 0 -18"><span class='ocrx_word' id='word_1_11' title='bbox 236 595 384 662; x_wconf 90' lang='lat' dir='ltr'>Vomeris</span> <span class='ocrx_word' id='word_1_12' title='bbox 399 595 464 660; x_wconf 92' lang='lat' dir='ltr'>huc</span> <span class='ocrx_word' id='word_1_13' title='bbox 480 603 514 662; x_wconf 91' lang='lat' dir='ltr'>et</span> <span class='ocrx_word' id='word_1_14' title='bbox 528 595 622 662; x_wconf 84' lang='lat' dir='ltr'>falcis</span> <span class='ocrx_word' id='word_1_15' title='bbox 638 595 749 680; x_wconf 83' lang='lat' dir='ltr'>honos,</span> <span class='ocrx_word' id='word_1_16' title='bbox 766 596 830 660; x_wconf 92' lang='lat' dir='ltr'>huc</span> <span class='ocrx_word' id='word_1_17' title='bbox 848 595 951 660; x_wconf 91' lang='lat' dir='ltr'>omnis</span> <span class='ocrx_word' id='word_1_18' title='bbox 966 594 1068 660; x_wconf 80' lang='lat' dir='ltr'>aratri</span> <span class='ocrx_word' id='word_1_19' title='bbox 1233 595 1301 662; x_wconf 87' lang='lat'>635</span> 
     </span>
     <span class='ocr_line' id='line_1_4' title="bbox 237 699 1128 786; baseline 0 -20"><span class='ocrx_word' id='word_1_20' title='bbox 237 701 343 767; x_wconf 79' lang='lat' dir='ltr'>Cessit</span> <span class='ocrx_word' id='word_1_21' title='bbox 358 720 467 782; x_wconf 88' lang='lat' dir='ltr'>amor;</span> <span class='ocrx_word' id='word_1_22' title='bbox 492 709 672 785; x_wconf 74' lang='lat' dir='ltr'>recoquunt</span> <span class='ocrx_word' id='word_1_23' title='bbox 688 701 810 786; x_wconf 90' lang='lat' dir='ltr'>patrios</span> <span class='ocrx_word' id='word_1_24' title='bbox 825 699 1012 766; x_wconf 81' lang='lat' dir='ltr'><strong>fornacibus</strong></span> <span class='ocrx_word' id='word_1_25' title='bbox 1027 721 1128 766; x_wconf 91' lang='lat' dir='ltr'>enses.</span> 
     </span>
    </p>

    <p class='ocr_par' dir='ltr' id='par_1_4' title="bbox 238 804 1107 891">
     <span class='ocr_line' id='line_1_5' title="bbox 238 804 1107 891; baseline -0.001 -19"><span class='ocrx_word' id='word_1_26' title='bbox 238 806 380 872; x_wconf 80' lang='lat' dir='ltr'>Classica</span> <span class='ocrx_word' id='word_1_27' title='bbox 391 804 526 891; x_wconf 88' lang='lat' dir='ltr'>jamque</span> <span class='ocrx_word' id='word_1_28' title='bbox 542 812 670 890; x_wconf 87' lang='lat' dir='ltr'>sonant,</span> <span class='ocrx_word' id='word_1_29' title='bbox 687 806 715 872; x_wconf 88' lang='lat' dir='ltr'>it</span> <span class='ocrx_word' id='word_1_30' title='bbox 730 807 815 871; x_wconf 95' lang='lat' dir='ltr'>bello</span> <span class='ocrx_word' id='word_1_31' title='bbox 832 814 952 872; x_wconf 76' lang='lat' dir='ltr'>tessera</span> <span class='ocrx_word' id='word_1_32' title='bbox 968 806 1107 891; x_wconf 90' lang='lat' dir='ltr'>signum.</span> 
     </span>
    </p>
   </div>
   <div class='ocr_carea' id='block_1_3' title="bbox 237 911 1097 998">
    <p class='ocr_par' dir='ltr' id='par_1_5' title="bbox 237 911 1097 998">
     <span class='ocr_line' id='line_1_6' title="bbox 237 911 1097 998; baseline -0.003 -21"><span class='ocrx_word' id='word_1_33' title='bbox 237 913 302 978; x_wconf 92' lang='lat' dir='ltr'>Hic</span> <span class='ocrx_word' id='word_1_34' title='bbox 318 913 447 998; x_wconf 88' lang='lat' dir='ltr'>galeam</span> <span class='ocrx_word' id='word_1_35' title='bbox 463 911 560 977; x_wconf 90' lang='lat' dir='ltr'>tectis</span> <span class='ocrx_word' id='word_1_36' title='bbox 576 911 723 998; x_wconf 91' lang='lat' dir='ltr'>trepidus</span> <span class='ocrx_word' id='word_1_37' title='bbox 739 912 835 997; x_wconf 80' lang='lat' dir='ltr'><strong>rapit,</strong></span> <span class='ocrx_word' id='word_1_38' title='bbox 852 912 907 976; x_wconf 89' lang='lat' dir='ltr'>ille</span> <span class='ocrx_word' id='word_1_39' title='bbox 922 911 1097 976; x_wconf 84' lang='lat' dir='ltr'>frementes</span> 
     </span>
    </p>
   </div>
   <div class='ocr_carea' id='block_1_4' title="bbox 129 1015 1150 1103">
    <p class='ocr_par' dir='ltr' id='par_1_6' title="bbox 129 1015 1150 1103">
     <span class='ocr_line' id='line_1_7' title="bbox 129 1015 1150 1103; baseline -0.004 -21"><span class='ocrx_word' id='word_1_40' title='bbox 129 1017 133 1026; x_wconf 79' lang='grc'><strong>’</strong></span> <span class='ocrx_word' id='word_1_41' title='bbox 238 1017 293 1082; x_wconf 85' lang='lat' dir='ltr'>Ad</span> <span class='ocrx_word' id='word_1_42' title='bbox 305 1017 386 1102; x_wconf 89' lang='lat' dir='ltr'>juga</span> <span class='ocrx_word' id='word_1_43' title='bbox 402 1017 490 1103; x_wconf 84' lang='lat' dir='ltr'>cogit</span> <span class='ocrx_word' id='word_1_44' title='bbox 505 1037 614 1102; x_wconf 91' lang='lat' dir='ltr'>equos,</span> <span class='ocrx_word' id='word_1_45' title='bbox 631 1017 837 1103; x_wconf 84' lang='lat' dir='ltr'>clipeumque</span> <span class='ocrx_word' id='word_1_46' title='bbox 854 1037 996 1101; x_wconf 90' lang='lat' dir='ltr'>auroque</span> <span class='ocrx_word' id='word_1_47' title='bbox 1013 1015 1150 1080; x_wconf 81' lang='lat' dir='ltr'>trilicem</span> 
     </span>
    </p>
   </div>
   <div class='ocr_carea' id='block_1_5' title="bbox 237 1119 1311 4033">
    <p class='ocr_par' dir='ltr' id='par_1_7' title="bbox 237 1119 1302 1208">
     <span class='ocr_line' id='line_1_8' title="bbox 237 1119 1302 1208; baseline -0.002 -23"><span class='ocrx_word' id='word_1_48' title='bbox 237 1121 386 1186; x_wconf 88' lang='lat' dir='ltr'>Loricam</span> <span class='ocrx_word' id='word_1_49' title='bbox 402 1121 560 1206; x_wconf 86' lang='lat' dir='ltr'>induitur,</span> <span class='ocrx_word' id='word_1_50' title='bbox 577 1122 708 1208; x_wconf 90' lang='lat' dir='ltr'>fidoque</span> <span class='ocrx_word' id='word_1_51' title='bbox 723 1121 908 1207; x_wconf 88' lang='lat' dir='ltr'>accingitur</span> <span class='ocrx_word' id='word_1_52' title='bbox 922 1142 1006 1188; x_wconf 91' lang='lat' dir='ltr'>ense.</span> <span class='ocrx_word' id='word_1_53' title='bbox 1218 1119 1302 1196; x_wconf 76' lang='grc' dir='ltr'>Ι640</span> 
     </span>
    </p>

    <p class='ocr_par' dir='ltr' id='par_1_8' title="bbox 305 1227 1194 1311">
     <span class='ocr_line' id='line_1_9' title="bbox 305 1227 1194 1311; baseline -0.002 -19"><span class='ocrx_word' id='word_1_54' title='bbox 305 1227 447 1293; x_wconf 85' lang='lat' dir='ltr'>Pandite</span> <span class='ocrx_word' id='word_1_55' title='bbox 462 1249 548 1292; x_wconf 89' lang='lat' dir='ltr'>nunc</span> <span class='ocrx_word' id='word_1_56' title='bbox 565 1227 734 1311; x_wconf 86' lang='lat' dir='ltr'>Helicona,</span> <span class='ocrx_word' id='word_1_57' title='bbox 751 1227 841 1311; x_wconf 90' lang='lat' dir='ltr'>deae,</span> <span class='ocrx_word' id='word_1_58' title='bbox 859 1233 1041 1311; x_wconf 90' lang='lat' dir='ltr'>cantusque</span> <span class='ocrx_word' id='word_1_59' title='bbox 1056 1233 1194 1309; x_wconf 89' lang='lat' dir='ltr'>movete,</span> 
     </span>
    </p>

    <p class='ocr_par' dir='ltr' id='par_1_9' title="bbox 239 1331 1068 1418">
     <span class='ocr_line' id='line_1_10' title="bbox 239 1331 1068 1418; baseline -0.002 -20"><span class='ocrx_word' id='word_1_60' title='bbox 239 1333 305 1414; x_wconf 84' lang='lat' dir='ltr'>Qui</span> <span class='ocrx_word' id='word_1_61' title='bbox 319 1333 404 1398; x_wconf 89' lang='lat' dir='ltr'>bello</span> <span class='ocrx_word' id='word_1_62' title='bbox 420 1331 520 1398; x_wconf 86' lang='lat' dir='ltr'>exciti</span> <span class='ocrx_word' id='word_1_63' title='bbox 535 1353 637 1418; x_wconf 90' lang='lat' dir='ltr'>reges,</span> <span class='ocrx_word' id='word_1_64' title='bbox 655 1353 740 1417; x_wconf 89' lang='lat' dir='ltr'>quae</span> <span class='ocrx_word' id='word_1_65' title='bbox 756 1353 919 1417; x_wconf 90' lang='lat' dir='ltr'>quemque</span> <span class='ocrx_word' id='word_1_66' title='bbox 935 1338 1068 1398; x_wconf 88' lang='lat' dir='ltr'>secutae</span> 
     </span>
    </p>

    <p class='ocr_par' dir='ltr' id='par_1_10' title="bbox 239 1437 1111 1525">
     <span class='ocr_line' id='line_1_11' title="bbox 239 1437 1111 1525; baseline -0.002 -21"><span class='ocrx_word' id='word_1_67' title='bbox 239 1437 441 1524; x_wconf 79' lang='lat' dir='ltr'>Complerint</span> <span class='ocrx_word' id='word_1_68' title='bbox 457 1459 588 1525; x_wconf 91' lang='lat' dir='ltr'>campos</span> <span class='ocrx_word' id='word_1_69' title='bbox 603 1438 698 1522; x_wconf 87' lang='lat' dir='ltr'>acies,</span> <span class='ocrx_word' id='word_1_70' title='bbox 716 1437 834 1522; x_wconf 90' lang='lat' dir='ltr'>quihus</span> <span class='ocrx_word' id='word_1_71' title='bbox 851 1438 939 1502; x_wconf 89' lang='lat' dir='ltr'>Itala</span> <span class='ocrx_word' id='word_1_72' title='bbox 950 1437 1021 1523; x_wconf 90' lang='lat' dir='ltr'>jam</span> <span class='ocrx_word' id='word_1_73' title='bbox 1037 1445 1111 1502; x_wconf 92' lang='lat' dir='ltr'>tum</span> 
     </span>
    </p>

    <p class='ocr_par' dir='ltr' id='par_1_11' title="bbox 238 1542 1109 1628">
     <span class='ocr_line' id='line_1_12' title="bbox 238 1542 1109 1628; baseline 0 -19"><span class='ocrx_word' id='word_1_74' title='bbox 238 1542 403 1608; x_wconf 85' lang='lat' dir='ltr'>Florucrit</span> <span class='ocrx_word' id='word_1_75' title='bbox 420 1549 505 1608; x_wconf 86' lang='lat' dir='ltr'>terra</span> <span class='ocrx_word' id='word_1_76' title='bbox 520 1542 609 1608; x_wconf 88' lang='lat' dir='ltr'>alma</span> <span class='ocrx_word' id='word_1_77' title='bbox 624 1542 710 1628; x_wconf 86' lang='lat' dir='ltr'>viris,</span> <span class='ocrx_word' id='word_1_78' title='bbox 728 1543 847 1627; x_wconf 90' lang='lat' dir='ltr'>quibus</span> <span class='ocrx_word' id='word_1_79' title='bbox 863 1543 977 1608; x_wconf 89' lang='lat' dir='ltr'>arserit</span> <span class='ocrx_word' id='word_1_80' title='bbox 992 1543 1109 1610; x_wconf 87' lang='lat' dir='ltr'>armis:</span> 
     </span>
    </p>

    <p class='ocr_par' dir='ltr' id='par_1_12' title="bbox 239 1645 1303 1838">
     <span class='ocr_line' id='line_1_13' title="bbox 239 1645 1303 1733; baseline 0 -20"><span class='ocrx_word' id='word_1_81' title='bbox 239 1648 286 1713; x_wconf 84' lang='lat' dir='ltr'>Et</span> <span class='ocrx_word' id='word_1_82' title='bbox 301 1647 497 1712; x_wconf 90' lang='lat' dir='ltr'>meministis</span> <span class='ocrx_word' id='word_1_83' title='bbox 513 1647 611 1732; x_wconf 91' lang='lat' dir='ltr'>enim,</span> <span class='ocrx_word' id='word_1_84' title='bbox 628 1647 732 1732; x_wconf 87' lang='lat' dir='ltr'>divae,</span> <span class='ocrx_word' id='word_1_85' title='bbox 750 1655 784 1712; x_wconf 86' lang='lat' dir='ltr'>et</span> <span class='ocrx_word' id='word_1_86' title='bbox 799 1669 978 1712; x_wconf 90' lang='lat' dir='ltr'>memorare</span> <span class='ocrx_word' id='word_1_87' title='bbox 994 1648 1150 1733; x_wconf 82' lang='lat' dir='ltr'>potestis3</span> <span class='ocrx_word' id='word_1_88' title='bbox 1236 1645 1303 1714; x_wconf 88' lang='grc'>645</span> 
     </span>
     <span class='ocr_line' id='line_1_14' title="bbox 239 1752 988 1838; baseline 0.003 -21"><span class='ocrx_word' id='word_1_89' title='bbox 239 1752 294 1818; x_wconf 89' lang='lat' dir='ltr'>Ad</span> <span class='ocrx_word' id='word_1_90' title='bbox 310 1775 368 1817; x_wconf 93' lang='lat' dir='ltr'>nos</span> <span class='ocrx_word' id='word_1_91' title='bbox 383 1752 439 1817; x_wconf 86' lang='lat' dir='ltr'>vix</span> <span class='ocrx_word' id='word_1_92' title='bbox 454 1753 564 1818; x_wconf 91' lang='lat' dir='ltr'>tenuis</span> <span class='ocrx_word' id='word_1_93' title='bbox 578 1752 685 1818; x_wconf 88' lang='lat' dir='ltr'>famae</span> <span class='ocrx_word' id='word_1_94' title='bbox 701 1753 884 1838; x_wconf 86' lang='lat' dir='ltr'>perlabitur</span> <span class='ocrx_word' id='word_1_95' title='bbox 898 1775 988 1820; x_wconf 90' lang='lat' dir='ltr'>aura.</span> 
     </span>
    </p>

    <p class='ocr_par' dir='ltr' id='par_1_13' title="bbox 308 1856 1099 1943">
     <span class='ocr_line' id='line_1_15' title="bbox 308 1856 1099 1943; baseline 0.003 -23"><span class='ocrx_word' id='word_1_96' title='bbox 308 1857 438 1921; x_wconf 91' lang='lat' dir='ltr'>Primus</span> <span class='ocrx_word' id='word_1_97' title='bbox 454 1856 518 1921; x_wconf 90' lang='grc'><strong>1111</strong></span> <span class='ocrx_word' id='word_1_98' title='bbox 533 1857 658 1922; x_wconf 92' lang='lat' dir='ltr'>bellurn</span> <span class='ocrx_word' id='word_1_99' title='bbox 675 1857 853 1942; x_wconf 79' lang='lat' dir='ltr'>Tyrrhenis</span> <span class='ocrx_word' id='word_1_100' title='bbox 868 1879 963 1943; x_wconf 85' lang='lat' dir='ltr'>asper</span> <span class='ocrx_word' id='word_1_101' title='bbox 978 1858 1020 1922; x_wconf 92' lang='lat' dir='ltr'>ab</span> <span class='ocrx_word' id='word_1_102' title='bbox 1036 1858 1099 1922; x_wconf 90' lang='lat' dir='ltr'>oris</span> 
     </span>
    </p>

    <p class='ocr_par' dir='ltr' id='par_1_14' title="bbox 242 1960 1113 2047">
     <span class='ocr_line' id='line_1_16' title="bbox 242 1960 1113 2047; baseline -0.002 -19"><span class='ocrx_word' id='word_1_103' title='bbox 242 1961 433 2028; x_wconf 85' lang='lat' dir='ltr'>Oontemtor</span> <span class='ocrx_word' id='word_1_104' title='bbox 448 1961 562 2026; x_wconf 79' lang='lat' dir='ltr'>divum</span> <span class='ocrx_word' id='word_1_105' title='bbox 578 1960 771 2046; x_wconf 80' lang='lat' dir='ltr'>Mezentius,</span> <span class='ocrx_word' id='word_1_106' title='bbox 788 1962 984 2047; x_wconf 81' lang='lat' dir='ltr'>agminaque</span> <span class='ocrx_word' id='word_1_107' title='bbox 999 1969 1113 2027; x_wconf 88' lang='lat' dir='ltr'>armat.</span> 
     </span>
    </p>

    <p class='ocr_par' dir='ltr' id='par_1_15' title="bbox 241 2065 1063 2151">
     <span class='ocr_line' id='line_1_17' title="bbox 241 2065 1063 2151; baseline 0.002 -21"><span class='ocrx_word' id='word_1_108' title='bbox 241 2065 346 2132; x_wconf 86' lang='lat' dir='ltr'>Filius</span> <span class='ocrx_word' id='word_1_109' title='bbox 361 2065 437 2130; x_wconf 92' lang='lat' dir='ltr'>huic</span> <span class='ocrx_word' id='word_1_110' title='bbox 449 2065 548 2150; x_wconf 85' lang='lat' dir='ltr'>juxta</span> <span class='ocrx_word' id='word_1_111' title='bbox 563 2066 702 2149; x_wconf 85' lang='lat' dir='ltr'>Lausus,</span> <span class='ocrx_word' id='word_1_112' title='bbox 719 2087 784 2150; x_wconf 91' lang='lat' dir='ltr'>quo</span> <span class='ocrx_word' id='word_1_113' title='bbox 799 2066 962 2151; x_wconf 87' lang='lat' dir='ltr'>pulchrior</span> <span class='ocrx_word' id='word_1_114' title='bbox 977 2068 1063 2132; x_wconf 91' lang='lat' dir='ltr'>alter</span> 
     </span>
    </p>

    <p class='ocr_par' dir='ltr' id='par_1_16' title="bbox 242 2170 1305 2361">
     <span class='ocr_line' id='line_1_18' title="bbox 242 2170 1305 2256; baseline -0.003 -20"><span class='ocrx_word' id='word_1_115' title='bbox 242 2171 317 2236; x_wconf 87' lang='lat' dir='ltr'>Non</span> <span class='ocrx_word' id='word_1_116' title='bbox 332 2170 398 2235; x_wconf 83' lang='lat' dir='ltr'>fuit</span> <span class='ocrx_word' id='word_1_117' title='bbox 415 2178 551 2256; x_wconf 86' lang='lat' dir='ltr'>excepto</span> <span class='ocrx_word' id='word_1_118' title='bbox 567 2170 742 2235; x_wconf 90' lang='lat' dir='ltr'>Laurentis</span> <span class='ocrx_word' id='word_1_119' title='bbox 758 2191 888 2256; x_wconf 87' lang='lat' dir='ltr'>corpore</span> <span class='ocrx_word' id='word_1_120' title='bbox 905 2171 1029 2254; x_wconf 84' lang='grc' dir='ltr'><strong>Τ1111;</strong></span> <span class='ocrx_word' id='word_1_121' title='bbox 1238 2172 1305 2237; x_wconf 86' lang='grc'>650</span> 
     </span>
     <span class='ocr_line' id='line_1_19' title="bbox 242 2276 1099 2361; baseline -0.002 -19"><span class='ocrx_word' id='word_1_122' title='bbox 242 2278 379 2360; x_wconf 88' lang='lat' dir='ltr'>Lausus,</span> <span class='ocrx_word' id='word_1_123' title='bbox 397 2283 518 2361; x_wconf 80' lang='lat' dir='ltr'>equum</span> <span class='ocrx_word' id='word_1_124' title='bbox 534 2276 674 2340; x_wconf 89' lang='lat' dir='ltr'>domitor</span> <span class='ocrx_word' id='word_1_125' title='bbox 688 2276 930 2361; x_wconf 86' lang='lat' dir='ltr'>debellatorque</span> <span class='ocrx_word' id='word_1_126' title='bbox 945 2276 1099 2361; x_wconf 81' lang='lat' dir='ltr'>ferarum,</span> 
     </span>
    </p>

    <p class='ocr_par' dir='ltr' id='par_1_17' title="bbox 244 2379 1058 2466">
     <span class='ocr_line' id='line_1_20' title="bbox 244 2379 1058 2466; baseline 0 -21"><span class='ocrx_word' id='word_1_127' title='bbox 244 2380 346 2446; x_wconf 88' lang='lat' dir='ltr'>Ducit</span> <span class='ocrx_word' id='word_1_128' title='bbox 362 2380 525 2466; x_wconf 86' lang='lat' dir='ltr'>Agyllina</span> <span class='ocrx_word' id='word_1_129' title='bbox 536 2379 759 2464; x_wconf 86' lang='lat' dir='ltr'>nequidquam</span> <span class='ocrx_word' id='word_1_130' title='bbox 775 2401 816 2444; x_wconf 85' lang='lat' dir='ltr'>ex</span> <span class='ocrx_word' id='word_1_131' title='bbox 832 2380 912 2444; x_wconf 90' lang='lat' dir='ltr'>urbe</span> <span class='ocrx_word' id='word_1_132' title='bbox 929 2387 1058 2445; x_wconf 86' lang='lat' dir='ltr'>secutos</span> 
     </span>
    </p>

    <p class='ocr_par' dir='ltr' id='par_1_18' title="bbox 243 2483 1024 2569">
     <span class='ocr_line' id='line_1_21' title="bbox 243 2483 1024 2569; baseline 0 -20"><span class='ocrx_word' id='word_1_133' title='bbox 243 2485 334 2549; x_wconf 93' lang='lat' dir='ltr'>Mille</span> <span class='ocrx_word' id='word_1_134' title='bbox 350 2484 442 2568; x_wconf 89' lang='lat' dir='ltr'>viros,</span> <span class='ocrx_word' id='word_1_135' title='bbox 460 2483 592 2569; x_wconf 92' lang='lat' dir='ltr'>dignus,</span> <span class='ocrx_word' id='word_1_136' title='bbox 609 2484 723 2569; x_wconf 87' lang='lat' dir='ltr'>patriis</span> <span class='ocrx_word' id='word_1_137' title='bbox 739 2484 797 2569; x_wconf 91' lang='lat' dir='ltr'>qui</span> <span class='ocrx_word' id='word_1_138' title='bbox 812 2484 926 2549; x_wconf 90' lang='lat' dir='ltr'>laetior</span> <span class='ocrx_word' id='word_1_139' title='bbox 940 2493 1024 2550; x_wconf 87' lang='lat' dir='ltr'>essct</span> 
     </span>
    </p>

    <p class='ocr_par' dir='ltr' id='par_1_19' title="bbox 243 2587 1047 2674">
     <span class='ocr_line' id='line_1_22' title="bbox 243 2587 1047 2674; baseline 0.001 -20"><span class='ocrx_word' id='word_1_140' title='bbox 243 2589 402 2674; x_wconf 81' lang='lat' dir='ltr'>imperiis,</span> <span class='ocrx_word' id='word_1_141' title='bbox 420 2596 453 2658; x_wconf 91' lang='lat' dir='ltr'>et</span> <span class='ocrx_word' id='word_1_142' title='bbox 470 2589 524 2654; x_wconf 90' lang='lat' dir='ltr'>cui</span> <span class='ocrx_word' id='word_1_143' title='bbox 539 2596 633 2673; x_wconf 89' lang='lat' dir='ltr'>pater</span> <span class='ocrx_word' id='word_1_144' title='bbox 647 2587 737 2654; x_wconf 88' lang='lat' dir='ltr'>haud</span> <span class='ocrx_word' id='word_1_145' title='bbox 753 2587 935 2654; x_wconf 84' lang='lat' dir='ltr'>Mezentius</span> <span class='ocrx_word' id='word_1_146' title='bbox 953 2596 1047 2655; x_wconf 88' lang='lat' dir='ltr'>esset.</span> 
     </span>
    </p>

    <p class='ocr_par' dir='ltr' id='par_1_20' title="bbox 244 2691 1308 3510">
     <span class='ocr_line' id='line_1_23' title="bbox 311 2691 1306 2778; baseline 0 -20"><span class='ocrx_word' id='word_1_147' title='bbox 311 2694 391 2758; x_wconf 90' lang='lat' dir='ltr'>Post</span> <span class='ocrx_word' id='word_1_148' title='bbox 407 2693 466 2757; x_wconf 91' lang='lat' dir='ltr'>hos</span> <span class='ocrx_word' id='word_1_149' title='bbox 482 2691 643 2778; x_wconf 88' lang='lat' dir='ltr'>insignem</span> <span class='ocrx_word' id='word_1_150' title='bbox 658 2693 769 2776; x_wconf 89' lang='lat' dir='ltr'>palma</span> <span class='ocrx_word' id='word_1_151' title='bbox 784 2713 841 2777; x_wconf 89' lang='lat' dir='ltr'>per</span> <span class='ocrx_word' id='word_1_152' title='bbox 856 2692 1003 2777; x_wconf 90' lang='lat' dir='ltr'>gramina</span> <span class='ocrx_word' id='word_1_153' title='bbox 1018 2714 1147 2758; x_wconf 88' lang='lat' dir='ltr'>currum</span> <span class='ocrx_word' id='word_1_154' title='bbox 1240 2693 1306 2758; x_wconf 82' lang='lat'>655</span> 
     </span>
     <span class='ocr_line' id='line_1_24' title="bbox 245 2797 1152 2883; baseline 0 -21"><span class='ocrx_word' id='word_1_155' title='bbox 245 2798 459 2882; x_wconf 87' lang='lat' dir='ltr'>Victoresque</span> <span class='ocrx_word' id='word_1_156' title='bbox 475 2803 619 2862; x_wconf 87' lang='lat' dir='ltr'>ostentat</span> <span class='ocrx_word' id='word_1_157' title='bbox 636 2816 735 2880; x_wconf 91' lang='lat' dir='ltr'>equos</span> <span class='ocrx_word' id='word_1_158' title='bbox 751 2805 843 2862; x_wconf 90' lang='lat' dir='ltr'>satus</span> <span class='ocrx_word' id='word_1_159' title='bbox 859 2797 1000 2862; x_wconf 91' lang='lat' dir='ltr'>Hercule</span> <span class='ocrx_word' id='word_1_160' title='bbox 1017 2797 1152 2883; x_wconf 89' lang='lat' dir='ltr'>pulchro</span> 
     </span>
     <span class='ocr_line' id='line_1_25' title="bbox 244 2901 1117 2987; baseline -0.003 -20"><span class='ocrx_word' id='word_1_161' title='bbox 244 2901 386 2967; x_wconf 88' lang='lat' dir='ltr'>Pulcher</span> <span class='ocrx_word' id='word_1_162' title='bbox 400 2901 596 2984; x_wconf 82' lang='lat' dir='ltr'>Aventinus,</span> <span class='ocrx_word' id='word_1_163' title='bbox 614 2901 782 2986; x_wconf 90' lang='lat' dir='ltr'>clipeoque</span> <span class='ocrx_word' id='word_1_164' title='bbox 798 2901 923 2987; x_wconf 90' lang='lat' dir='ltr'>insigne</span> <span class='ocrx_word' id='word_1_165' title='bbox 939 2908 1117 2987; x_wconf 89' lang='lat' dir='ltr'>paternum</span> 
     </span>
     <span class='ocr_line' id='line_1_26' title="bbox 246 3005 1266 3092; baseline -0.004 -18"><span class='ocrx_word' id='word_1_166' title='bbox 246 3007 389 3074; x_wconf 78' lang='lat' dir='ltr'>Centum</span> <span class='ocrx_word' id='word_1_167' title='bbox 407 3026 530 3090; x_wconf 84' lang='lat' dir='ltr'>angues</span> <span class='ocrx_word' id='word_1_168' title='bbox 546 3005 753 3089; x_wconf 90' lang='lat' dir='ltr'>cinctamque</span> <span class='ocrx_word' id='word_1_169' title='bbox 768 3006 852 3090; x_wconf 87' lang='lat' dir='ltr'>gerit</span> <span class='ocrx_word' id='word_1_170' title='bbox 870 3005 1077 3092; x_wconf 84' lang='lat' dir='ltr'>serpentibus</span> <span class='ocrx_word' id='word_1_171' title='bbox 1093 3005 1266 3092; x_wconf 85' lang='lat' dir='ltr'>Hydram:</span> 
     </span>
     <span class='ocr_line' id='line_1_27' title="bbox 246 3110 1001 3195; baseline -0.005 -15"><span class='ocrx_word' id='word_1_172' title='bbox 246 3112 345 3180; x_wconf 83' lang='lat' dir='ltr'>Oollis</span> <span class='ocrx_word' id='word_1_173' title='bbox 360 3110 520 3176; x_wconf 87' lang='lat' dir='ltr'>Aventini</span> <span class='ocrx_word' id='word_1_174' title='bbox 536 3111 617 3176; x_wconf 88' lang='lat' dir='ltr'>silva</span> <span class='ocrx_word' id='word_1_175' title='bbox 633 3131 730 3195; x_wconf 92' lang='lat' dir='ltr'>quem</span> <span class='ocrx_word' id='word_1_176' title='bbox 746 3110 840 3175; x_wconf 85' lang='lat' dir='ltr'>Rhea</span> <span class='ocrx_word' id='word_1_177' title='bbox 855 3112 1001 3176; x_wconf 88' lang='lat' dir='ltr'>sacerdos</span> 
     </span>
     <span class='ocr_line' id='line_1_28' title="bbox 244 3214 1308 3300; baseline -0.002 -19"><span class='ocrx_word' id='word_1_178' title='bbox 244 3216 420 3281; x_wconf 83' lang='lat' dir='ltr'>Furtivum</span> <span class='ocrx_word' id='word_1_179' title='bbox 435 3223 534 3300; x_wconf 88' lang='lat' dir='ltr'>partu</span> <span class='ocrx_word' id='word_1_180' title='bbox 550 3215 610 3280; x_wconf 90' lang='lat' dir='ltr'>sub</span> <span class='ocrx_word' id='word_1_181' title='bbox 625 3214 760 3280; x_wconf 90' lang='lat' dir='ltr'>luminis</span> <span class='ocrx_word' id='word_1_182' title='bbox 776 3215 879 3279; x_wconf 88' lang='lat' dir='ltr'>edidit</span> <span class='ocrx_word' id='word_1_183' title='bbox 895 3237 976 3299; x_wconf 89' lang='lat' dir='ltr'>oras,</span> <span class='ocrx_word' id='word_1_184' title='bbox 1243 3215 1308 3280; x_wconf 90' lang='grc'>660</span> 
     </span>
     <span class='ocr_line' id='line_1_29' title="bbox 247 3319 1077 3404; baseline -0.002 -18"><span class='ocrx_word' id='word_1_185' title='bbox 247 3321 354 3386; x_wconf 84' lang='grc'><strong>1111111</strong></span> <span class='ocrx_word' id='word_1_186' title='bbox 369 3321 429 3385; x_wconf 90' lang='lat' dir='ltr'>deo</span> <span class='ocrx_word' id='word_1_187' title='bbox 444 3320 570 3404; x_wconf 89' lang='lat' dir='ltr'>mulier,</span> <span class='ocrx_word' id='word_1_188' title='bbox 588 3326 764 3404; x_wconf 89' lang='lat' dir='ltr'>postquam</span> <span class='ocrx_word' id='word_1_189' title='bbox 778 3319 959 3384; x_wconf 88' lang='lat' dir='ltr'>Laurentia</span> <span class='ocrx_word' id='word_1_190' title='bbox 974 3319 1077 3384; x_wconf 90' lang='lat' dir='ltr'>victor</span> 
     </span>
     <span class='ocr_line' id='line_1_30' title="bbox 246 3423 1013 3510; baseline -0.004 -19"><span class='ocrx_word' id='word_1_191' title='bbox 246 3426 392 3510; x_wconf 82' lang='lat' dir='ltr'>Geryone</span> <span class='ocrx_word' id='word_1_192' title='bbox 408 3423 570 3490; x_wconf 76' lang='lat' dir='ltr'>exstincto</span> <span class='ocrx_word' id='word_1_193' title='bbox 587 3423 780 3509; x_wconf 84' lang='lat' dir='ltr'>Tirynthius</span> <span class='ocrx_word' id='word_1_194' title='bbox 796 3423 910 3509; x_wconf 87' lang='lat' dir='ltr'>attigit</span> <span class='ocrx_word' id='word_1_195' title='bbox 927 3445 1013 3508; x_wconf 83' lang='lat' dir='ltr'>arva,</span> 
     </span>
    </p>

    <p class='ocr_par' dir='ltr' id='par_1_21' title="bbox 246 3527 1022 3616">
     <span class='ocr_line' id='line_1_31' title="bbox 246 3527 1022 3616; baseline 0.001 -22"><span class='ocrx_word' id='word_1_196' title='bbox 246 3530 476 3616; x_wconf 79' lang='lat' dir='ltr'>Tyrrhenoque</span> <span class='ocrx_word' id='word_1_197' title='bbox 491 3530 589 3594; x_wconf 89' lang='lat' dir='ltr'>boves</span> <span class='ocrx_word' id='word_1_198' title='bbox 604 3529 638 3593; x_wconf 89' lang='lat' dir='ltr'>in</span> <span class='ocrx_word' id='word_1_199' title='bbox 653 3527 790 3592; x_wconf 91' lang='lat' dir='ltr'>flumine</span> <span class='ocrx_word' id='word_1_200' title='bbox 807 3528 888 3593; x_wconf 89' lang='lat' dir='ltr'>lavit</span> <span class='ocrx_word' id='word_1_201' title='bbox 904 3529 1022 3595; x_wconf 80' lang='lat' dir='ltr'>iberas.</span> 
     </span>
    </p>

    <p class='ocr_par' dir='ltr' id='par_1_22' title="bbox 246 3633 1071 3720">
     <span class='ocr_line' id='line_1_32' title="bbox 246 3633 1071 3720; baseline -0.001 -20"><span class='ocrx_word' id='word_1_202' title='bbox 246 3637 320 3700; x_wconf 87' lang='lat' dir='ltr'>Pila</span> <span class='ocrx_word' id='word_1_203' title='bbox 335 3656 436 3700; x_wconf 92' lang='lat' dir='ltr'>manu</span> <span class='ocrx_word' id='word_1_204' title='bbox 452 3655 627 3719; x_wconf 88' lang='lat' dir='ltr'>saevosque</span> <span class='ocrx_word' id='word_1_205' title='bbox 643 3640 761 3720; x_wconf 86' lang='lat' dir='ltr'>gerunt</span> <span class='ocrx_word' id='word_1_206' title='bbox 777 3633 914 3699; x_wconf 79' lang='lat' dir='ltr'>inbelle</span> <span class='ocrx_word' id='word_1_207' title='bbox 930 3633 1071 3718; x_wconf 91' lang='lat' dir='ltr'>dolones,</span> 
     </span>
    </p>

    <p class='ocr_par' dir='ltr' id='par_1_23' title="bbox 246 3739 1311 3933">
     <span class='ocr_line' id='line_1_33' title="bbox 246 3739 1311 3826; baseline -0.003 -19"><span class='ocrx_word' id='word_1_208' title='bbox 246 3741 293 3808; x_wconf 84' lang='lat' dir='ltr'>Ht</span> <span class='ocrx_word' id='word_1_209' title='bbox 310 3740 407 3806; x_wconf 91' lang='lat' dir='ltr'>tereti</span> <span class='ocrx_word' id='word_1_210' title='bbox 422 3747 573 3826; x_wconf 89' lang='lat' dir='ltr'>pugnant</span> <span class='ocrx_word' id='word_1_211' title='bbox 590 3760 743 3804; x_wconf 88' lang='lat' dir='ltr'>mucrone</span> <span class='ocrx_word' id='word_1_212' title='bbox 759 3760 903 3822; x_wconf 88' lang='lat' dir='ltr'>veruque</span> <span class='ocrx_word' id='word_1_213' title='bbox 922 3739 1057 3805; x_wconf 82' lang='lat' dir='ltr'>Sabelle.</span> <span class='ocrx_word' id='word_1_214' title='bbox 1246 3741 1311 3806; x_wconf 89' lang='grc'>665</span> 
     </span>
     <span class='ocr_line' id='line_1_34' title="bbox 247 3844 1073 3933; baseline -0.005 -20"><span class='ocrx_word' id='word_1_215' title='bbox 247 3847 322 3933; x_wconf 90' lang='lat' dir='ltr'>Ipse</span> <span class='ocrx_word' id='word_1_216' title='bbox 338 3845 445 3930; x_wconf 90' lang='lat' dir='ltr'>pedes,</span> <span class='ocrx_word' id='word_1_217' title='bbox 463 3852 619 3928; x_wconf 89' lang='lat' dir='ltr'>tegumen</span> <span class='ocrx_word' id='word_1_218' title='bbox 635 3852 788 3930; x_wconf 90' lang='lat' dir='ltr'>torquens</span> <span class='ocrx_word' id='word_1_219' title='bbox 803 3844 946 3909; x_wconf 88' lang='lat' dir='ltr'>immane</span> <span class='ocrx_word' id='word_1_220' title='bbox 962 3844 1073 3929; x_wconf 91' lang='lat' dir='ltr'>leonis,</span> 
     </span>
    </p>

    <p class='ocr_par' dir='ltr' id='par_1_24' title="bbox 248 3949 1042 4033">
     <span class='ocr_line' id='line_1_35' title="bbox 248 3949 1042 4033; baseline 0 -18"><span class='ocrx_word' id='word_1_221' title='bbox 248 3949 399 4015; x_wconf 81' lang='lat' dir='ltr'>Terribili</span> <span class='ocrx_word' id='word_1_222' title='bbox 415 3949 584 4033; x_wconf 85' lang='lat' dir='ltr'>impexum</span> <span class='ocrx_word' id='word_1_223' title='bbox 601 3955 672 4013; x_wconf 89' lang='lat' dir='ltr'>seta</span> <span class='ocrx_word' id='word_1_224' title='bbox 688 3971 764 4014; x_wconf 90' lang='lat' dir='ltr'>cum</span> <span class='ocrx_word' id='word_1_225' title='bbox 779 3949 934 4014; x_wconf 87' lang='lat' dir='ltr'>dentibus</span> <span class='ocrx_word' id='word_1_226' title='bbox 950 3950 1042 4033; x_wconf 89' lang='lat' dir='ltr'>albis,</span> 
     </span>
    </p>
   </div>
   <div class='ocr_carea' id='block_1_6' title="bbox 0 0 1467 4518">
    <p class='ocr_par' dir='ltr' id='par_1_25' title="bbox 0 0 1467 4518">
     <span class='ocr_line' id='line_1_36' title="bbox 0 0 1467 4518; baseline 0 0"><span class='ocrx_word' id='word_1_227' title='bbox 0 0 1467 4518; x_wconf 95' lang='lat' dir='ltr'> </span> 
     </span>
    </p>
   </div>
  </div>
 </body>
</html>
