<?xml version="1.0" encoding="UTF-8"?>
<!DOCTYPE html PUBLIC "-//W3C//DTD XHTML 1.0 Transitional//EN"
    "http://www.w3.org/TR/xhtml1/DTD/xhtml1-transitional.dtd">
<html xmlns="http://www.w3.org/1999/xhtml" xml:lang="en" lang="en">
 <head>
  <title>
</title>
<meta http-equiv="Content-Type" content="text/html;charset=utf-8" />
  <meta name='ocr-system' content='tesseract 3.04.00' />
  <meta name='ocr-capabilities' content='ocr_page ocr_carea ocr_par ocr_line ocrx_word'/>
</head>
<body>
  <div class='ocr_page' id='page_1' title='image "./virgilsaeneidwi00virggoog_0243.png"; bbox 0 0 2944 4522; ppageno 0'>
   <div class='ocr_carea' id='block_1_1' title="bbox 445 1070 933 1140">
    <p class='ocr_par' dir='ltr' id='par_1_1' title="bbox 445 1070 933 1140">
     <span class='ocr_line' id='line_1_1' title="bbox 445 1070 933 1140; baseline 0.002 -2"><span class='ocrx_word' id='word_1_1' title='bbox 445 1072 485 1140; x_wconf 87' lang='lat' dir='ltr'>P.</span> <span class='ocrx_word' id='word_1_2' title='bbox 516 1071 710 1140; x_wconf 79' lang='lat' dir='ltr'>VlelLll</span> <span class='ocrx_word' id='word_1_3' title='bbox 740 1070 933 1140; x_wconf 77' lang='lat' dir='ltr'>llrlROlllS</span> 
     </span>
    </p>
   </div>
   <div class='ocr_carea' id='block_1_2' title="bbox 328 1277 1012 1390">
    <p class='ocr_par' dir='ltr' id='par_1_2' title="bbox 328 1277 1012 1390">
     <span class='ocr_line' id='line_1_2' title="bbox 328 1277 1012 1390; baseline 0.003 -17"><span class='ocrx_word' id='word_1_4' title='bbox 328 1277 1012 1390; x_wconf 51' lang='lat' dir='ltr'>,AENEIDOS</span> 
     </span>
    </p>
   </div>
   <div class='ocr_carea' id='block_1_3' title="bbox 484 1511 875 1585">
    <p class='ocr_par' dir='ltr' id='par_1_3' title="bbox 484 1511 875 1585">
     <span class='ocr_line' id='line_1_3' title="bbox 484 1511 875 1585; baseline 0.008 -3"><span class='ocrx_word' id='word_1_5' title='bbox 484 1511 628 1582; x_wconf 82' lang='lat' dir='ltr'><strong>LIBER</strong></span> <span class='ocrx_word' id='word_1_6' title='bbox 652 1515 875 1585; x_wconf 80' lang='lat' dir='ltr'><strong>DECIMUS.</strong></span> 
     </span>
    </p>
   </div>
   <div class='ocr_carea' id='block_1_4' title="bbox 580 1727 794 1756">
    <p class='ocr_par' dir='ltr' id='par_1_4' title="bbox 580 1727 794 1756">
     <span class='ocr_line' id='line_1_4' title="bbox 580 1727 794 1756; baseline 0 -8"><span class='ocrx_word' id='word_1_7' title='bbox 580 1727 794 1756; x_wconf 41' lang='grc' dir='ltr'>βω...-</span> 
     </span>
    </p>
   </div>
   <div class='ocr_carea' id='block_1_5' title="bbox 155 1881 1271 3862">
    <p class='ocr_par' dir='ltr' id='par_1_5' title="bbox 159 1881 1131 2176">
     <span class='ocr_line' id='line_1_5' title="bbox 159 1881 1003 1969; baseline 0.002 -22"><span class='ocrx_word' id='word_1_8' title='bbox 159 1881 320 1948; x_wconf 75' lang='lat' dir='ltr'>Panditur</span> <span class='ocrx_word' id='word_1_9' title='bbox 334 1882 461 1948; x_wconf 89' lang='lat' dir='ltr'>interea</span> <span class='ocrx_word' id='word_1_10' title='bbox 476 1883 592 1948; x_wconf 88' lang='lat' dir='ltr'>domus</span> <span class='ocrx_word' id='word_1_11' title='bbox 607 1881 842 1968; x_wconf 86' lang='lat' dir='ltr'>omnipotentis</span> <span class='ocrx_word' id='word_1_12' title='bbox 858 1881 1003 1969; x_wconf 84' lang='lat' dir='ltr'><strong>Olympi,</strong></span> 
     </span>
     <span class='ocr_line' id='line_1_6' title="bbox 161 1987 1131 2074; baseline 0.002 -20"><span class='ocrx_word' id='word_1_13' title='bbox 161 1987 406 2074; x_wconf 64' lang='lat' dir='ltr'>conciliumque</span> <span class='ocrx_word' id='word_1_14' title='bbox 421 1995 515 2054; x_wconf 87' lang='lat' dir='ltr'>vocat</span> <span class='ocrx_word' id='word_1_15' title='bbox 532 1987 645 2052; x_wconf 81' lang='lat' dir='ltr'>divum</span> <span class='ocrx_word' id='word_1_16' title='bbox 660 1993 754 2072; x_wconf 91' lang='lat' dir='ltr'>pater</span> <span class='ocrx_word' id='word_1_17' title='bbox 769 1993 871 2071; x_wconf 90' lang='lat' dir='ltr'>atque</span> <span class='ocrx_word' id='word_1_18' title='bbox 886 1987 1059 2054; x_wconf 90' lang='lat' dir='ltr'>hominum</span> <span class='ocrx_word' id='word_1_19' title='bbox 1074 2011 1131 2056; x_wconf 86' lang='lat' dir='ltr'>rex</span> 
     </span>
     <span class='ocr_line' id='line_1_7' title="bbox 162 2092 997 2176; baseline 0 -18"><span class='ocrx_word' id='word_1_20' title='bbox 162 2092 324 2158; x_wconf 81' lang='lat' dir='ltr'>Sideream</span> <span class='ocrx_word' id='word_1_21' title='bbox 337 2093 374 2158; x_wconf 94' lang='lat' dir='ltr'>in</span> <span class='ocrx_word' id='word_1_22' title='bbox 389 2093 509 2176; x_wconf 90' lang='lat' dir='ltr'>sedem,</span> <span class='ocrx_word' id='word_1_23' title='bbox 526 2099 629 2158; x_wconf 83' lang='lat' dir='ltr'>terras</span> <span class='ocrx_word' id='word_1_24' title='bbox 645 2092 731 2157; x_wconf 90' lang='lat' dir='ltr'>unde</span> <span class='ocrx_word' id='word_1_25' title='bbox 747 2093 870 2157; x_wconf 87' lang='lat' dir='ltr'>arduus</span> <span class='ocrx_word' id='word_1_26' title='bbox 885 2114 997 2158; x_wconf 88' lang='lat' dir='ltr'>omnes</span> 
     </span>
    </p>

    <p class='ocr_par' dir='ltr' id='par_1_6' title="bbox 161 2197 1217 2500">
     <span class='ocr_line' id='line_1_8' title="bbox 161 2197 1180 2284; baseline 0.003 -22"><span class='ocrx_word' id='word_1_27' title='bbox 161 2197 339 2283; x_wconf 77' lang='lat' dir='ltr'>Castraque</span> <span class='ocrx_word' id='word_1_28' title='bbox 356 2197 586 2263; x_wconf 73' lang='lat' dir='ltr'>Dardanidum</span> <span class='ocrx_word' id='word_1_29' title='bbox 601 2199 772 2284; x_wconf 76' lang='lat' dir='ltr'>adspectat</span> <span class='ocrx_word' id='word_1_30' title='bbox 788 2197 990 2282; x_wconf 89' lang='lat' dir='ltr'>populosque</span> <span class='ocrx_word' id='word_1_31' title='bbox 1006 2197 1151 2268; x_wconf 88' lang='lat' dir='ltr'>Latinos.</span> <span class='ocrx_word' id='word_1_32' title='bbox 1175 2273 1180 2280; x_wconf 48' lang='grc'><strong>,</strong></span> 
     </span>
     <span class='ocr_line' id='line_1_9' title="bbox 162 2301 1217 2388; baseline 0.003 -20"><span class='ocrx_word' id='word_1_33' title='bbox 162 2301 344 2368; x_wconf 79' lang='lat' dir='ltr'>Considunt</span> <span class='ocrx_word' id='word_1_34' title='bbox 359 2301 457 2368; x_wconf 88' lang='lat' dir='ltr'>tectis</span> <span class='ocrx_word' id='word_1_35' title='bbox 472 2301 698 2388; x_wconf 85' lang='lat' dir='ltr'>bipatentibus</span> <span class='ocrx_word' id='word_1_36' title='bbox 712 2323 722 2384; x_wconf 85' lang='lat'>3</span> <span class='ocrx_word' id='word_1_37' title='bbox 746 2301 865 2387; x_wconf 81' lang='lat' dir='ltr'>incipit</span> <span class='ocrx_word' id='word_1_38' title='bbox 881 2301 968 2388; x_wconf 90' lang='lat' dir='ltr'>ipse:</span> <span class='ocrx_word' id='word_1_39' title='bbox 1196 2307 1217 2371; x_wconf 83' lang='lat'><strong>5</strong></span> 
     </span>
     <span class='ocr_line' id='line_1_10' title="bbox 161 2405 974 2500; baseline 0.001 -29"><span class='ocrx_word' id='word_1_40' title='bbox 161 2406 182 2500; x_wconf 52' lang='grc' dir='ltr'>ἶ(</span> <span class='ocrx_word' id='word_1_41' title='bbox 196 2405 375 2472; x_wconf 83' lang='lat' dir='ltr'>Caelicolae</span> <span class='ocrx_word' id='word_1_42' title='bbox 390 2407 512 2494; x_wconf 84' lang='lat' dir='ltr'>magni,</span> <span class='ocrx_word' id='word_1_43' title='bbox 530 2407 686 2492; x_wconf 88' lang='lat' dir='ltr'>quianam</span> <span class='ocrx_word' id='word_1_44' title='bbox 705 2406 867 2474; x_wconf 89' lang='lat' dir='ltr'>sententia</span> <span class='ocrx_word' id='word_1_45' title='bbox 882 2407 974 2473; x_wconf 88' lang='lat' dir='ltr'>vobis</span> 
     </span>
    </p>

    <p class='ocr_par' dir='ltr' id='par_1_7' title="bbox 161 2512 1075 2686">
     <span class='ocr_line' id='line_1_11' title="bbox 161 2512 1075 2599; baseline 0.003 -20"><span class='ocrx_word' id='word_1_46' title='bbox 161 2513 299 2579; x_wconf 86' lang='lat' dir='ltr'>“Versa</span> <span class='ocrx_word' id='word_1_47' title='bbox 313 2521 410 2598; x_wconf 88' lang='lat' dir='ltr'>retro,</span> <span class='ocrx_word' id='word_1_48' title='bbox 426 2521 626 2599; x_wconf 88' lang='lat' dir='ltr'>tantumque</span> <span class='ocrx_word' id='word_1_49' title='bbox 642 2512 760 2595; x_wconf 90' lang='lat' dir='ltr'>animis</span> <span class='ocrx_word' id='word_1_50' title='bbox 775 2513 907 2580; x_wconf 85' lang='lat' dir='ltr'>certatis</span> <span class='ocrx_word' id='word_1_51' title='bbox 922 2513 1075 2599; x_wconf 81' lang='lat' dir='ltr'>iniquis?</span> 
     </span>
     <span class='ocr_line' id='line_1_12' title="bbox 161 2617 995 2686; baseline 0.002 -3"><span class='ocrx_word' id='word_1_52' title='bbox 161 2617 384 2683; x_wconf 86' lang='lat' dir='ltr'>“Abnueram</span> <span class='ocrx_word' id='word_1_53' title='bbox 398 2618 483 2684; x_wconf 90' lang='lat' dir='ltr'>bello</span> <span class='ocrx_word' id='word_1_54' title='bbox 499 2618 634 2684; x_wconf 91' lang='lat' dir='ltr'>Italiam</span> <span class='ocrx_word' id='word_1_55' title='bbox 649 2639 835 2684; x_wconf 89' lang='lat' dir='ltr'>concurrere</span> <span class='ocrx_word' id='word_1_56' title='bbox 853 2618 995 2686; x_wconf 83' lang='lat' dir='ltr'>Teucris.</span> 
     </span>
    </p>

    <p class='ocr_par' dir='ltr' id='par_1_8' title="bbox 161 2721 1145 2808">
     <span class='ocr_line' id='line_1_13' title="bbox 161 2721 1145 2808; baseline 0.005 -22"><span class='ocrx_word' id='word_1_57' title='bbox 161 2721 284 2803; x_wconf 83' lang='lat' dir='ltr'>“Quae</span> <span class='ocrx_word' id='word_1_58' title='bbox 301 2731 413 2788; x_wconf 88' lang='lat' dir='ltr'>contra</span> <span class='ocrx_word' id='word_1_59' title='bbox 428 2723 570 2788; x_wconf 88' lang='lat' dir='ltr'>vetitum</span> <span class='ocrx_word' id='word_1_60' title='bbox 580 2721 771 2795; x_wconf 80' lang='lat' dir='ltr'>discordia?</span> <span class='ocrx_word' id='word_1_61' title='bbox 797 2721 870 2808; x_wconf 89' lang='lat' dir='ltr'>quis</span> <span class='ocrx_word' id='word_1_62' title='bbox 886 2730 993 2789; x_wconf 90' lang='lat' dir='ltr'>metus</span> <span class='ocrx_word' id='word_1_63' title='bbox 1011 2726 1145 2792; x_wconf 89' lang='lat' dir='ltr'>anthes</span> 
     </span>
    </p>

    <p class='ocr_par' dir='ltr' id='par_1_9' title="bbox 160 2826 1218 3022">
     <span class='ocr_line' id='line_1_14' title="bbox 160 2826 1218 2913; baseline 0.002 -21"><span class='ocrx_word' id='word_1_64' title='bbox 160 2826 183 2860; x_wconf 87' lang='lat'>“</span> <span class='ocrx_word' id='word_1_65' title='bbox 195 2826 267 2893; x_wconf 90' lang='lat' dir='ltr'>Aut</span> <span class='ocrx_word' id='word_1_66' title='bbox 283 2827 341 2894; x_wconf 92' lang='lat' dir='ltr'>hos</span> <span class='ocrx_word' id='word_1_67' title='bbox 357 2849 447 2893; x_wconf 88' lang='lat' dir='ltr'>arma</span> <span class='ocrx_word' id='word_1_68' title='bbox 464 2828 555 2913; x_wconf 87' lang='lat' dir='ltr'>sequi</span> <span class='ocrx_word' id='word_1_69' title='bbox 569 2827 754 2912; x_wconf 85' lang='lat' dir='ltr'>ferrumque</span> <span class='ocrx_word' id='word_1_70' title='bbox 770 2829 925 2894; x_wconf 87' lang='lat' dir='ltr'>lacessere</span> <span class='ocrx_word' id='word_1_71' title='bbox 941 2829 1072 2896; x_wconf 79' lang='lat' dir='ltr'>suasit?</span> <span class='ocrx_word' id='word_1_72' title='bbox 1177 2830 1218 2894; x_wconf 93' lang='grc'>10</span> 
     </span>
     <span class='ocr_line' id='line_1_15' title="bbox 161 2934 1060 3022; baseline 0 -20"><span class='ocrx_word' id='word_1_73' title='bbox 161 2935 182 2968; x_wconf 88' lang='grc'><strong>“</strong></span> <span class='ocrx_word' id='word_1_74' title='bbox 197 2935 362 3002; x_wconf 84' lang='lat' dir='ltr'>Adveniet</span> <span class='ocrx_word' id='word_1_75' title='bbox 374 2934 504 3022; x_wconf 88' lang='lat' dir='ltr'>justum</span> <span class='ocrx_word' id='word_1_76' title='bbox 519 2957 660 3022; x_wconf 86' lang='lat' dir='ltr'>pugnae,</span> <span class='ocrx_word' id='word_1_77' title='bbox 678 2956 717 3000; x_wconf 90' lang='lat' dir='ltr'>ne</span> <span class='ocrx_word' id='word_1_78' title='bbox 734 2935 898 3020; x_wconf 90' lang='lat' dir='ltr'>arcessite,</span> <span class='ocrx_word' id='word_1_79' title='bbox 916 2943 1060 3022; x_wconf 89' lang='lat' dir='ltr'>tempus,</span> 
     </span>
    </p>

    <p class='ocr_par' dir='ltr' id='par_1_10' title="bbox 159 3039 986 3126">
     <span class='ocr_line' id='line_1_16' title="bbox 159 3039 986 3126; baseline 0 -21"><span class='ocrx_word' id='word_1_80' title='bbox 159 3040 181 3073; x_wconf 88' lang='lat'>“</span> <span class='ocrx_word' id='word_1_81' title='bbox 196 3040 306 3122; x_wconf 85' lang='lat' dir='ltr'>Quum</span> <span class='ocrx_word' id='word_1_82' title='bbox 321 3040 390 3106; x_wconf 85' lang='lat' dir='ltr'>fera</span> <span class='ocrx_word' id='word_1_83' title='bbox 407 3039 574 3126; x_wconf 86' lang='lat' dir='ltr'>Carthago</span> <span class='ocrx_word' id='word_1_84' title='bbox 590 3039 747 3106; x_wconf 91' lang='lat' dir='ltr'>Romanis</span> <span class='ocrx_word' id='word_1_85' title='bbox 763 3039 893 3106; x_wconf 86' lang='lat' dir='ltr'>arcibus</span> <span class='ocrx_word' id='word_1_86' title='bbox 908 3041 986 3106; x_wconf 89' lang='lat' dir='ltr'>olim</span> 
     </span>
    </p>

    <p class='ocr_par' dir='ltr' id='par_1_11' title="bbox 158 3144 1084 3233">
     <span class='ocr_line' id='line_1_17' title="bbox 158 3144 1084 3233; baseline 0.001 -23"><span class='ocrx_word' id='word_1_87' title='bbox 158 3144 345 3210; x_wconf 82' lang='lat' dir='ltr'>“Exitium</span> <span class='ocrx_word' id='word_1_88' title='bbox 359 3166 518 3233; x_wconf 88' lang='lat' dir='ltr'>magnum</span> <span class='ocrx_word' id='word_1_89' title='bbox 534 3153 634 3231; x_wconf 91' lang='lat' dir='ltr'>atque</span> <span class='ocrx_word' id='word_1_90' title='bbox 650 3144 752 3232; x_wconf 85' lang='lat' dir='ltr'>Alpes</span> <span class='ocrx_word' id='word_1_91' title='bbox 767 3145 928 3211; x_wconf 88' lang='lat' dir='ltr'>immittet</span> <span class='ocrx_word' id='word_1_92' title='bbox 944 3152 1084 3230; x_wconf 88' lang='lat' dir='ltr'>apertas.</span> 
     </span>
    </p>

    <p class='ocr_par' dir='ltr' id='par_1_12' title="bbox 157 3249 996 3337">
     <span class='ocr_line' id='line_1_18' title="bbox 157 3249 996 3337; baseline -0.002 -21"><span class='ocrx_word' id='word_1_93' title='bbox 157 3250 180 3285; x_wconf 89' lang='lat'>“</span> <span class='ocrx_word' id='word_1_94' title='bbox 193 3251 282 3316; x_wconf 79' lang='lat' dir='ltr'>&#39;lum</span> <span class='ocrx_word' id='word_1_95' title='bbox 297 3257 420 3316; x_wconf 87' lang='lat' dir='ltr'>certare</span> <span class='ocrx_word' id='word_1_96' title='bbox 436 3251 527 3336; x_wconf 90' lang='lat' dir='ltr'>odiis,</span> <span class='ocrx_word' id='word_1_97' title='bbox 547 3258 621 3316; x_wconf 92' lang='lat' dir='ltr'>tum</span> <span class='ocrx_word' id='word_1_98' title='bbox 636 3271 687 3317; x_wconf 91' lang='lat' dir='ltr'>res</span> <span class='ocrx_word' id='word_1_99' title='bbox 702 3251 849 3337; x_wconf 87' lang='lat' dir='ltr'>rapuisse</span> <span class='ocrx_word' id='word_1_100' title='bbox 864 3249 996 3332; x_wconf 91' lang='lat' dir='ltr'>licebit;</span> 
     </span>
    </p>

    <p class='ocr_par' dir='ltr' id='par_1_13' title="bbox 155 3353 1219 3546">
     <span class='ocr_line' id='line_1_19' title="bbox 158 3353 1219 3442; baseline 0.004 -22"><span class='ocrx_word' id='word_1_101' title='bbox 158 3354 290 3422; x_wconf 89' lang='lat' dir='ltr'>“Nunc</span> <span class='ocrx_word' id='word_1_102' title='bbox 307 3353 414 3440; x_wconf 90' lang='lat' dir='ltr'>sinite,</span> <span class='ocrx_word' id='word_1_103' title='bbox 432 3362 466 3421; x_wconf 91' lang='lat' dir='ltr'>et</span> <span class='ocrx_word' id='word_1_104' title='bbox 482 3355 644 3442; x_wconf 89' lang='lat' dir='ltr'>placitum</span> <span class='ocrx_word' id='word_1_105' title='bbox 657 3356 739 3422; x_wconf 90' lang='lat' dir='ltr'>laeti</span> <span class='ocrx_word' id='word_1_106' title='bbox 753 3353 937 3441; x_wconf 89' lang='lat' dir='ltr'>componite</span> <span class='ocrx_word' id='word_1_107' title='bbox 951 3355 1094 3424; x_wconf 85' lang='lat' dir='ltr'>foedus.&#39;&#39;</span> <span class='ocrx_word' id='word_1_108' title='bbox 1177 3359 1219 3425; x_wconf 89' lang='lat'>15</span> 
     </span>
     <span class='ocr_line' id='line_1_20' title="bbox 155 3459 1050 3546; baseline 0 -21"><span class='ocrx_word' id='word_1_109' title='bbox 155 3461 294 3546; x_wconf 85' lang='lat' dir='ltr'>Jupiter</span> <span class='ocrx_word' id='word_1_110' title='bbox 307 3459 386 3526; x_wconf 88' lang='lat' dir='ltr'>haec</span> <span class='ocrx_word' id='word_1_111' title='bbox 403 3461 536 3546; x_wconf 82' lang='lat' dir='ltr'>paucis3</span> <span class='ocrx_word' id='word_1_112' title='bbox 561 3469 596 3526; x_wconf 92' lang='lat' dir='ltr'>at</span> <span class='ocrx_word' id='word_1_113' title='bbox 610 3482 677 3526; x_wconf 91' lang='lat' dir='ltr'>non</span> <span class='ocrx_word' id='word_1_114' title='bbox 693 3459 809 3526; x_wconf 90' lang='lat' dir='ltr'>Venus</span> <span class='ocrx_word' id='word_1_115' title='bbox 824 3479 921 3523; x_wconf 89' lang='lat' dir='ltr'>aurea</span> <span class='ocrx_word' id='word_1_116' title='bbox 937 3465 1050 3526; x_wconf 89' lang='lat' dir='ltr'>contra</span> 
     </span>
    </p>

    <p class='ocr_par' dir='ltr' id='par_1_14' title="bbox 156 3565 407 3633">
     <span class='ocr_line' id='line_1_21' title="bbox 156 3565 407 3633; baseline 0.02 -5"><span class='ocrx_word' id='word_1_117' title='bbox 156 3565 272 3632; x_wconf 89' lang='lat' dir='ltr'>Pauca</span> <span class='ocrx_word' id='word_1_118' title='bbox 288 3566 407 3633; x_wconf 88' lang='lat' dir='ltr'>refert:</span> 
     </span>
    </p>

    <p class='ocr_par' dir='ltr' id='par_1_15' title="bbox 157 3669 1093 3756">
     <span class='ocr_line' id='line_1_22' title="bbox 157 3669 1093 3756; baseline 0.001 -22"><span class='ocrx_word' id='word_1_119' title='bbox 157 3669 219 3735; x_wconf 85' lang='lat'>“0</span> <span class='ocrx_word' id='word_1_120' title='bbox 236 3676 340 3756; x_wconf 87' lang='lat' dir='ltr'>pater,</span> <span class='ocrx_word' id='word_1_121' title='bbox 357 3691 376 3735; x_wconf 93' lang='lat'>0</span> <span class='ocrx_word' id='word_1_122' title='bbox 391 3669 562 3736; x_wconf 91' lang='lat' dir='ltr'>hominum</span> <span class='ocrx_word' id='word_1_123' title='bbox 577 3689 750 3753; x_wconf 89' lang='lat' dir='ltr'>rerumque</span> <span class='ocrx_word' id='word_1_124' title='bbox 766 3675 899 3733; x_wconf 89' lang='lat' dir='ltr'>aeterna</span> <span class='ocrx_word' id='word_1_125' title='bbox 915 3676 1093 3755; x_wconf 89' lang='lat' dir='ltr'>potestas,-</span> 
     </span>
    </p>

    <p class='ocr_par' dir='ltr' id='par_1_16' title="bbox 158 3773 1271 3862">
     <span class='ocr_line' id='line_1_23' title="bbox 158 3773 1271 3862; baseline 0.002 -22"><span class='ocrx_word' id='word_1_126' title='bbox 158 3775 181 3808; x_wconf 89' lang='lat'><strong>“</strong></span> <span class='ocrx_word' id='word_1_127' title='bbox 194 3776 347 3862; x_wconf 88' lang='lat' dir='ltr'>Namque</span> <span class='ocrx_word' id='word_1_128' title='bbox 359 3777 450 3842; x_wconf 90' lang='lat' dir='ltr'>aliud</span> <span class='ocrx_word' id='word_1_129' title='bbox 462 3776 543 3862; x_wconf 90' lang='lat' dir='ltr'>quid</span> <span class='ocrx_word' id='word_1_130' title='bbox 555 3776 610 3860; x_wconf 90' lang='lat' dir='ltr'>sit,</span> <span class='ocrx_word' id='word_1_131' title='bbox 622 3775 710 3861; x_wconf 91' lang='lat' dir='ltr'>quod</span> <span class='ocrx_word' id='word_1_132' title='bbox 721 3773 793 3860; x_wconf 89' lang='lat' dir='ltr'>jam</span> <span class='ocrx_word' id='word_1_133' title='bbox 803 3773 975 3858; x_wconf 91' lang='lat' dir='ltr'>implorare</span> <span class='ocrx_word' id='word_1_134' title='bbox 987 3796 1147 3861; x_wconf 86' lang='lat' dir='ltr'>queamus</span> <span class='ocrx_word' id='word_1_135' title='bbox 1157 3777 1219 3842; x_wconf 78' lang='grc' dir='ltr'>Ρ-</span> <span class='ocrx_word' id='word_1_136' title='bbox 1267 3807 1271 3814; x_wconf 91' lang='grc'><em>·</em></span> 
     </span>
    </p>
   </div>
   <div class='ocr_carea' id='block_1_6' title="bbox 159 3877 1221 4086">
    <p class='ocr_par' dir='ltr' id='par_1_17' title="bbox 159 3877 1221 4086">
     <span class='ocr_line' id='line_1_24' title="bbox 159 3877 1221 3967; baseline -0.005 -19"><span class='ocrx_word' id='word_1_137' title='bbox 159 3881 182 3914; x_wconf 83' lang='grc'>“</span> <span class='ocrx_word' id='word_1_138' title='bbox 196 3882 320 3967; x_wconf 81' lang='lat' dir='ltr'>Cernis,</span> <span class='ocrx_word' id='word_1_139' title='bbox 336 3888 377 3946; x_wconf 91' lang='lat' dir='ltr'>ut</span> <span class='ocrx_word' id='word_1_140' title='bbox 394 3881 555 3946; x_wconf 89' lang='lat' dir='ltr'>insultent</span> <span class='ocrx_word' id='word_1_141' title='bbox 571 3878 701 3964; x_wconf 83' lang='lat' dir='ltr'>Rutuli,</span> <span class='ocrx_word' id='word_1_142' title='bbox 720 3877 916 3964; x_wconf 78' lang='lat' dir='ltr'>Turnusque</span> <span class='ocrx_word' id='word_1_143' title='bbox 930 3878 1057 3945; x_wconf 82' lang='lat' dir='ltr'>feratur</span> <span class='ocrx_word' id='word_1_144' title='bbox 1176 3879 1221 3943; x_wconf 79' lang='lat'>20</span> 
     </span>
     <span class='ocr_line' id='line_1_25' title="bbox 160 3984 1043 4086; baseline -0.002 -34"><span class='ocrx_word' id='word_1_145' title='bbox 160 3985 184 4020; x_wconf 88' lang='lat'><strong>“</strong></span> <span class='ocrx_word' id='word_1_146' title='bbox 199 3986 263 4052; x_wconf 90' lang='lat' dir='ltr'>Per</span> <span class='ocrx_word' id='word_1_147' title='bbox 276 3987 400 4054; x_wconf 89' lang='lat' dir='ltr'>medios</span> <span class='ocrx_word' id='word_1_148' title='bbox 414 3985 551 4086; x_wconf 82' lang='lat' dir='ltr'>insignis</span> <span class='ocrx_word' id='word_1_149' title='bbox 565 3984 657 4070; x_wconf 92' lang='lat' dir='ltr'>equis</span> <span class='ocrx_word' id='word_1_150' title='bbox 672 3984 884 4068; x_wconf 89' lang='lat' dir='ltr'>tumidusque</span> <span class='ocrx_word' id='word_1_151' title='bbox 901 3984 1043 4050; x_wconf 86' lang='lat' dir='ltr'>secunde</span> 
     </span>
    </p>
   </div>
   <div class='ocr_carea' id='block_1_7' title="bbox 0 0 1476 4522">
    <p class='ocr_par' dir='ltr' id='par_1_18' title="bbox 0 0 1476 4522">
     <span class='ocr_line' id='line_1_26' title="bbox 0 0 1476 4522; baseline 0 2"><span class='ocrx_word' id='word_1_152' title='bbox 0 0 1476 4522; x_wconf 95' lang='lat' dir='ltr'> </span> 
     </span>
    </p>
   </div>
  </div>
 </body>
</html>
