2944 4522
479 314 483 323 '
510 335 681 384 snumnos
704 337 769 384 nra.
794 337 842 385 rx.

149 495 223 562 Hoc
238 497 324 563 fietu
339 496 486 562 concussi
501 495 614 581 animi,
631 502 843 581 maestusque
858 516 917 582 per
931 516 1043 561 omnes

150 602 185 666 It
201 601 365 686 gemitus3
389 609 522 687 torpent
536 601 695 666 infractae
711 602 753 666 ad
768 601 890 686 proelia
904 601 996 667 vires.

151 707 253 785 Illam
267 707 497 772 incendentem
511 707 622 772 luctus
638 706 758 771 Idaeus
773 714 807 771 et
823 707 935 790 Actor,
1146 705 1213 772 500

151 813 268 878 Ilionei
283 812 413 877 monitu
428 819 462 876 et
477 813 623 878 multum
638 812 840 876 lacrimantis
856 812 933 895 Iuli,

153 917 342 1002 Corripiunt
358 917 509 1000 interque
524 938 643 982 manus
658 917 719 982 sub
734 923 825 982 tecta
841 924 1011 1001 reponunt.

220 1022 269 1087 At
286 1023 369 1086 tuba
384 1021 558 1086 terribilem
576 1021 719 1087 sonitum
733 1022 848 1106 procul
864 1043 936 1086 aere
952 1043 1069 1086 cancro

151 1127 323 1213 Increpuit
337 1148 346 1209 ;
372 1126 519 1211 sequitur
534 1127 664 1211 elamor,
682 1127 873 1211 coelumque
889 1127 1040 1212 remugit.

151 1233 345 1300 Accelerant
361 1240 437 1298 acta
452 1232 574 1319 pariter
588 1231 754 1298 testudine
771 1231 894 1316 Volsci,
1146 1231 1212 1297 505

150 1340 197 1404 Ε5
212 1339 315 1404 fossas
330 1339 463 1424 implere
480 1346 597 1424 parant
612 1359 650 1404 ac
665 1339 782 1403 vellere
799 1339 946 1420 vallum;

152 1445 321 1524 Quaerunt
337 1444 568 1530 Panormitam,
585 1449 619 1507 et
637 1443 732 1508 scalis
748 1444 942 1508 adscendere
957 1464 1078 1528 muros,

152 1551 226 1629 Qua
241 1571 313 1614 rara
329 1557 379 1614 est
394 1549 490 1632 acies,
507 1547 747 1632 interlucetque
763 1569 880 1613 corona

150 1652 227 1717 Non
243 1661 313 1717 tam
329 1653 432 1738 spissa
447 1652 531 1719 viris.
579 1652 732 1718 Telorum
748 1652 912 1718 effundere
928 1659 1042 1718 contra
1090 1713 1092 1716 .

151 1757 257 1823 Omne
273 1779 374 1843 genus
391 1757 509 1822 Teucri
525 1779 563 1822 ac
579 1757 669 1822 duris
684 1758 856 1822 detrudere
872 1757 988 1842 contis,
1146 1759 1213 1824 510

149 1861 288 1926 Assueti
302 1861 398 1946 longo
413 1882 522 1926 muros
537 1861 707 1926 defendere
721 1861 814 1927 bello.

152 1966 240 2031 Saxa
257 1986 385 2050 quoque
401 1964 518 2030 infesto
533 1965 707 2030 volvebant
722 1966 873 2050 pondere,
891 1965 1000 2050 siqua

151 2071 291 2136 Possent
307 2077 432 2134 tectam
448 2070 552 2134 aciem
567 2091 793 2156 perrumpere;
818 2077 1050 2154 quumtamen
1065 2090 1176 2135 omnes

151 2173 248 2238 Ferre
260 2173 356 2259 juvat
372 2174 483 2239 subter
498 2175 598 2239 densa
613 2174 780 2239 testudine
796 2195 899 2240 casus.

151 2278 223 2343 Nec
235 2277 306 2364 jam
323 2278 511 2344 sufficiunt:
536 2299 625 2364 nam,
639 2301 705 2363 qua
721 2279 836 2364 globus
847 2277 998 2343 imminet
1009 2278 1132 2365 ingens,
1147 2279 1212 2344 515

152 2383 337 2448 Immanem
353 2383 471 2448 Teucri
486 2384 605 2448 molem
620 2384 821 2468 volvuntque
837 2390 1015 2468 ruuntque,

152 2489 244 2570 Quae
261 2489 377 2554 stravit
394 2489 538 2554 Rutulos
552 2490 630 2574 late,
647 2510 874 2574 armorumque
891 2490 1021 2555 resolvit

153 2594 321 2679 Tegmina.
369 2593 438 2660 Nec
454 2601 570 2659 curant
585 2615 681 2660 caeco
697 2596 889 2660 contendere
906 2595 1013 2660 Marte

151 2698 306 2784 Amplius
322 2701 460 2765 audaces
476 2699 605 2783 Rutuli,
623 2701 679 2765 sed
694 2700 813 2786 pellere
829 2701 915 2766 vallo

152 2802 331 2868 Missilibus
347 2809 483 2869 certant.
1146 2807 1213 2875 520

152 2907 251 2972 Parte
267 2907 331 2972 alia
345 2908 522 2973 horrendus
537 2908 610 2974 visu
626 2909 802 2992 quassabat
818 2911 994 2977 Etruscam

152 3012 285 3097 Pinum,
303 3022 337 3079 et
351 3014 516 3080 fumiferos
530 3014 630 3080 infert
646 3014 828 3082 Mezentius
843 3017 934 3102 ignes
947 3038 957 3100 ;

56 3187 58 3192 ,
151 3118 202 3182 At
218 3118 389 3205 Messapus
406 3125 529 3204 equum
546 3119 695 3204 domitor,
713 3120 884 3208 Neptunia
900 3123 1016 3208 proles,

151 3224 323 3290 Rescindit
338 3225 463 3290 vallum
478 3233 512 3291 et
528 3226 631 3292 scalas
646 3225 682 3291 in
696 3228 824 3292 moenia
840 3229 954 3312 poscit.

219 3327 298 3412 Vos,
315 3351 334 3392 o
351 3328 506 3414 Calliope,
523 3351 643 3414 precor,
661 3331 825 3417 adspirate
842 3330 984 3414 canenti,
1144 3333 1211 3398 525

152 3435 241 3514 Quas
256 3432 304 3496 ibi
319 3440 399 3497 tunc
415 3432 497 3498 ferro
513 3442 646 3519 strages,
665 3455 748 3520 quae
763 3435 879 3498 funera
895 3434 1028 3500 Turnus

151 3538 313 3622 Ediderit,
331 3559 429 3623 quem
445 3539 582 3624 quisque
598 3541 705 3604 virum
721 3540 887 3606 demiserit
906 3539 1010 3624 Orco;

151 3645 197 3709 Et
213 3666 345 3708 mecum
360 3643 509 3729 ingentes
525 3666 594 3710 oras
611 3645 748 3710 evolvite
763 3645 857 3711 belli:
938 3669 943 3676 ²

154 3748 214 3834 [Et
230 3749 427 3814 meministis
443 3750 541 3834 enim,
559 3751 663 3834 divae,
682 3759 715 3814 et
730 3771 907 3815 memorare
923 3751 1084 3838 potestis]

152 3856 264 3921 Turris
282 3862 353 3919 erat
368 3863 460 3920 vasto
477 3863 682 3940 suspectu.et
698 3854 852 3953 pontibus
868 3857 957 3941 altis,
1147 3856 1215 3922 530

153 3961 352 4048 Opportuna
364 3958 453 4032 loco:
479 3959 615 4025 summis
630 3979 730 4045 quam
746 3959 868 4026 viribus
884 3983 995 4028 omnes
