2838 4522
444 332 617 380 nnrmuos
640 333 706 382 nra.
730 333 777 382 rv.
1107 313 1151 384 75

151 493 263 575 Quam
280 492 434 558 simulac
450 491 511 558 tali
527 493 688 578 persensit
706 500 799 579 peste
815 494 919 559 teneri
1108 494 1152 561 90

82 597 173 664 Gara
188 595 282 663 doris
297 595 432 682 conjux,
449 617 508 662 nec
524 597 649 662 famam
664 599 795 664 obstare
810 598 909 664 furori
923 617 934 682 3

79 701 222 768 Talibus
238 701 428 790 aggreditur
443 701 607 766 Venerem
624 703 780 770 Saturnia
793 702 915 771 dictis:

80 807 103 840 “
116 807 294 894 Egregium
309 828 383 874 vero
398 806 529 872 laudem
545 816 579 872 et
595 807 697 892 spolia
713 809 826 896 ampla
841 809 968 878 refertis

81 909 104 944 “
119 911 238 998 Tuque
253 917 516 998 puerque„tuus;
540 931 699 998 magnum
714 921 748 979 et
763 913 973 982 memorabile
992 935 1116 978 numen

82 1018 105 1051 “
119 1017 201 1084 Una
215 1019 289 1085 dolo
304 1018 418 1086 divum
434 1018 461 1084 si
475 1017 598 1084 femina
612 1018 701 1084 victa
715 1020 856 1086 duorum
872 1031 931 1090 est.
1107 1023 1150 1087 95

82 1123 104 1155 “
119 1122 190 1189 Nec
206 1145 260 1189 me
275 1124 356 1190 adeo
370 1123 468 1207 fallit,
485 1123 625 1188 veritam
641 1132 675 1189 te
690 1126 819 1192 moenia
834 1134 959 1211 nostra,

80 1225 105 1259 “
121 1227 300 1314 Suspectas
314 1225 469 1328 habuisse
484 1227 597 1294 domos
614 1226 823 1315 Carthaginis
839 1231 937 1299 altae.

80 1330 104 1363 “
119 1331 185 1398 Sed
199 1330 274 1417 quis
289 1329 351 1396 erit
366 1329 493 1416 modus,
509 1338 569 1396 aut
584 1352 650 1416 quo
665 1354 752 1398 nunc
768 1335 947 1402 certamine
964 1335 1087 1400 tanto?

81 1434 208 1516 “Quin
223 1435 333 1521 potius
348 1453 464 1520 pacem
479 1441 648 1500 aeternam
664 1443 841 1523 pactosque
857 1439 1066 1524 Hymenaeos

80 1539 102 1572 “
112 1539 339 1606 Exercemus?
365 1537 488 1622 Habes,
505 1545 578 1604 tota
593 1541 681 1625 quod
695 1543 956 1628 mentepetisti:
1083 1543 1148 1608 100

80 1642 223 1709 “Ardet
238 1665 353 1710 amans
369 1643 457 1709 Dido
472 1643 642 1730 traxitque
658 1666 715 1731 per
729 1667 800 1712 ossa
814 1646 965 1716 furorem.

80 1749 332 1816 “Communem
346 1749 434 1814 hunc
451 1769 525 1835 ergo
540 1750 700 1836 populum
715 1751 911 1836 paribusque
928 1773 1080 1838 regamus

81 1855 103 1888 “
112 1855 299 1942 Auspiciis3
323 1854 422 1921 liceat
437 1854 580 1941 Phrygio
596 1855 712 1921 servire
728 1855 855 1940 marito,

80 1960 103 1994 “
118 1961 320 2046 Dotalesque
336 1967 414 2026 tuae
430 1960 544 2044 Tyrios
560 1961 748 2046 permittere
763 1962 930 2028 dextrae.''

82 2065 272 2132 Olli-sensit
288 2065 376 2130 enim
392 2063 547 2132 simulate
562 2074 674 2132 mente
689 2067 869 2164 locutam·
1080 2069 1146 2136 105

80 2171 153 2252 Quo
168 2191 307 2257 regnum
322 2170 440 2236 Italiae
456 2170 597 2256 Libycas
611 2178 772 2236 averteret
788 2192 875 2238 oras·

81 2275 134 2343 Sic
152 2283 266 2341 contra
281 2284 331 2342 est
342 2275 487 2362 ingressa
502 2275 639 2343 Venus:
666 2275 782 2358 “Quis
798 2276 879 2342 talia
897 2277 1033 2344 demens

80 2380 103 2414 “
113 2380 265 2467 Abnuat,
282 2388 342 2464 aut
357 2387 469 2447 tecum
485 2381 580 2447 malit
596 2382 789 2448 contendere
805 2381 920 2449 bello?

83 2485 106 2519 “
120 2485 156 2553 Si
170 2486 277 2572 mod0,
294 2487 381 2572 quod
396 2507 565 2570 memoras,
581 2486 710 2554 factum
724 2483 857 2554 fortuna
873 2495 1038 2574 sequatur.

81 2589 103 2622 “
115 2591 180 2658 Sed
196 2591 273 2657 fatis
288 2591 412 2657 incerta
426 2590 519 2676 feror,
537 2591 565 2657 si
579 2591 714 2678 Jupiter
728 2613 830 2659 unam
1079 2595 1144 2658 110

81 2695 197 2760 “Esse
212 2696 292 2761 velit
308 2695 416 2782 Tyriis
431 2695 546 2761 urbem
563 2695 725 2782 Trojaque
739 2696 901 2783 profectis,

81 2799 102 2832 “
118 2799 290 2865 Miscerive
304 2800 418 2886 probet
434 2800 583 2886 populos,
600 2808 661 2866 aut
675 2801 803 2866 foedera
813 2800 918 2888 jungi.

81 2902 103 2936 “
115 2903 169 2968 Tu
185 2903 323 2990 conjux:
348 2904 410 2970 tibi
425 2905 475 2970 fas
490 2904 640 2970 animum
655 2913 784 2971 tentare
800 2908 971 2992 precando

81 3007 217 3095 “Perge
232 3029 241 3090 ;
267 3012 412 3095 sequar.”
459 3010 548 3075 Tum
563 3010 609 3077 sic
625 3011 754 3097 excepit
769 3012 858 3098 regia
873 3012 984 3079 duno:

80 3110 246 3177 “Mecum
256 3113 389 3179 eritiste
399 3114 497 3180 labor.
521 3113 619 3180 Nunc
631 3135 698 3200 qua
707 3115 842 3199 ratione,
853 3117 939 3201 quod
951 3115 1142 3200 instat,115

81 3216 102 3249 “
115 3217 259 3283 Gonfieri
274 3217 387 3304 possit,
404 3219 814 3304 paucis-adverte-dooebn

78 3321 286 3388 “Venatum
301 3322 432 3390 Aeneas
447 3345 578 3410 unaque
593 3326 773 3392 miserrima
790 3325 876 3390 Dido

78 3425 98 3458 “
111 3427 156 3491 In
171 3447 287 3492 nemus
303 3426 349 3492 ire
365 3436 494 3513 parant,
511 3428 570 3494 ubi
585 3429 706 3516 primos
722 3428 882 3495 crastinus
898 3434 987 3494 ortus

77 3530 99 3564 “
113 3530 285 3595 Extulerit
305 3531 408 3596 Titan
422 3533 585 3619 radiisque
601 3533 755 3598 retexerit
771 3534 900 3600 orbem:

77 3634 98 3666 “
111 3634 175 3700 His
191 3655 251 3719 ego
267 3634 454 3720 nigrantem
470 3637 648 3703 commixta
666 3637 822 3724 grandine
838 3637 997 3726 nimbum,
1076 3641 1139 3705 120

77 3738 206 3803 “Dum
223 3738 392 3824 trepidant
408 3741 479 3806 alae
496 3743 663 3827 saltusque
679 3743 832 3830 indagine
848 3745 995 3832 cingunt,

76 3843 266 3928 “Desuper
280 3843 463 3930 infundam,
483 3854 516 3910 et
532 3847 658 3912 tonitru
673 3849 802 3914 coelum
818 3871 913 3915 omne
928 3849 1029 3916 cieb0.

74 3948 96 3984 “
112 3948 303 4034 Diffugient
319 3949 464 4035 comites,
481 3958 515 4015 et
530 3959 626 4017 nocte
641 3959 795 4040 tegentur
809 3974 934 4040 opaca;
