2944 4522
531 331 702 378 anuurnos
724 333 790 380 nur,
816 333 862 380 xr.
1158 311 1220 379 271

160 491 292 577 Haesit,
308 491 556 579 virgineumque
572 493 640 557 alte
655 491 738 558 bibit
754 499 829 558 acta
844 513 1001 558 cruorem.

163 597 372 663 Concurrunt
388 597 534 682 trepidae
551 586 696 681 comites,
714 598 944 683 dominamque
961 603 1112 662 ruentem
1157 597 1226 663 805

164 704 366 790 Suscipiunt.
412 703 516 789 Fugit
532 711 610 768 ante
626 725 737 769 omncs
752 704 929 768 exterritus
945 703 1077 768 Arruns

163 808 309 874 Laetitia
324 807 493 892 mixtoque
508 816 612 892 metu,
630 829 688 873 nee
700 808 772 892 jam
787 809 929 894 amplius
945 807 1060 872 hastae

166 915 301 980 Credere
317 936 375 980 neo
392 914 466 980 telis
481 934 646 978 occurrere
662 913 798 999 virginis
813 914 926 980 audet.

164 1019 216 1085 Ac
231 1021 325 1084 velut
340 1020 407 1104 ille,
425 1019 516 1105 prius
533 1040 634 1104 quam
649 1019 715 1083 tela
730 1017 863 1083 inimica
879 1015 1068 1102 sequantur,

166 1125 334 1192 Continuo
348 1125 384 1190 in
399 1132 528 1190 montes
544 1145 611 1190 sese
628 1123 720 1189 avius
736 1123 865 1188 abdidit
881 1123 964 1187 altos
1160 1121 1226 1185 810

165 1231 279 1298 Occiso
293 1239 421 1317 pastore
436 1231 536 1316 lupus
551 1249 709 1316 magnove
721 1227 869 1313 juvenco,

166 1337 321 1404 Conscius
336 1336 468 1402 audacis
482 1337 573 1422 facti,
590 1336 794 1421 caudamque
810 1335 993 1400 remulcens

167 1438 312 1528 Subjecit
327 1431 534 1527 pauitantem
549 1448 652 1525 utero,
670 1441 830 1526 silvasque
848 1439 987 1526 petivit:

165 1545 266 1612 Haud
282 1569 373 1613 secus
389 1567 430 1624 err
445 1547 546 1612 oculis
562 1568 595 1612 se
612 1545 761 1612 turbidus
777 1546 917 1612 abstulit
932 1544 1070 1630 Arruns,

166 1653 415 1738 Contentusque
429 1653 509 1739 fuga
524 1653 640 1718 mediis
656 1674 689 1718 ee
705 1653 885 1717 immiscuit
901 1653 1008 1718 armis,
1159 1649 1226 1716 815

165 1759 230 1824 Illa
244 1781 347 1824 manu
362 1759 502 1824 moriens
518 1759 622 1824 telum
638 1759 742 1824 trahit
756 1779 765 1840 3
790 1779 861 1824 ossa
877 1759 935 1824 sed
950 1758 1038 1823 inter

164 1864 303 1930 Ferreus
318 1865 361 1930 ad
376 1869 482 1930 costas
497 1865 565 1930 alto
582 1871 650 1929 stat
666 1864 798 1928 vulnere
815 1885 935 1930 mucre.

165 1968 307 2034 Labitur
322 1968 506 2054 exsanguis,
523 1969 683 2033 labuntur
697 1968 816 2052 frigida
832 1969 900 2033 leto

164 2073 322 2158 Lumina,
337 2095 519 2160 purpureus
535 2075 700 2159 quondam
716 2074 801 2139 color
816 2096 871 2138 cra
887 2072 1030 2157 reliquit.

166 2180 255 2245 Tum
271 2180 316 2246 sic
331 2180 499 2265 exspirans
517 2180 653 2264 Accam,
671 2201 712 2244 ex
728 2179 919 2264 aequalibus
935 2199 1047 2259 unam,
1161 2177 1228 2244 820

164 2284 365 2370 Alloquitur,
381 2284 448 2349 fida
464 2292 541 2350 ante
556 2284 636 2349 alias
653 2305 736 2368 quae
752 2284 819 2348 sola
836 2283 1004 2366 Camillae,

166 2390 308 2472 Quicum
323 2391 439 2476 partiri
454 2412 557 2474 curas,
575 2398 675 2476 atque
691 2391 769 2455 haec
785 2391 833 2455 ita
849 2389 959 2456 fatur:

167 2496 190 2530 “
201 2496 383 2582 Hactenus,
401 2496 491 2562 Acca
507 2519 603 2580 soror,
620 2497 735 2582 potui;
759 2517 847 2561 nunc
863 2495 983 2560 vulnus
999 2494 1155 2560 acerbum

167 2601 189 2634 “
201 2601 350 2686 Oonficit,
368 2609 401 2668 et
418 2603 561 2668 tenebris
576 2602 763 2688 nigrescunt
779 2600 890 2666 omnia
905 2601 1037 2666 circum.

167 2707 189 2740 “
201 2707 320 2794 Effuge
337 2708 464 2773 ethaeo
483 2708 594 2772 Turno
610 2709 769 2772 mandata
785 2707 959 2772 novissima
974 2703 1099 2792 perfer:
1162 2705 1228 2772 825

168 2813 190 2846 “
205 2814 366 2880 Succedat
383 2835 512 2900 pugnae
529 2813 750 2898 Trojanosque
766 2819 875 2878 arceat
890 2813 982 2879 urbe.

168 2917 345 3004 “Jamque
360 2918 463 2984 vale.”
511 2917 616 2984 Simul
633 2917 685 2982 his
701 2917 799 2982 dictis
814 2917 986 3002 linquebat
1002 2915 1159 3000 habenas,

166 3022 222 3089 Ad
237 3030 358 3088 terram
372 3045 438 3088 non
453 3029 568 3108 sponte
583 3020 696 3088 fluens.
745 3022 834 3086 Tum
848 3020 966 3106 frigida
981 3028 1050 3085 toto

166 3128 350 3193 Paullatim
366 3127 505 3194 exsolvit
521 3149 554 3193 se
570 3149 708 3214 corpore,
725 3127 881 3212 lentaque
898 3126 983 3191 colla

165 3233 213 3299 Et
230 3242 367 3320 captum
382 3234 450 3300 leto
466 3234 577 3320 posuit
592 3241 703 3320 caput,
720 3255 812 3299 arma
827 3231 1024 3317 relinquens,
1161 3231 1228 3296 830

166 3338 313 3424 Vitaque
329 3360 406 3404 cum
421 3339 549 3426 gemitu
562 3338 653 3426 fugit
669 3339 842 3425 indignata
858 3338 918 3404 sub
933 3337 1078 3403 umbras.

168 3442 258 3508 Tum
273 3464 348 3508 vero
362 3443 540 3509 immensus
556 3465 690 3530 surgens
704 3443 778 3509 ferit
794 3464 893 3508 aurea
908 3442 1030 3508 clamor

169 3547 302 3616 Sidera:
328 3547 455 3634 dejecta
471 3549 631 3615 crudescit
646 3570 758 3635 pugna
775 3546 939 3630 0amilla;

167 3652 349 3718 Incurrunt
365 3652 457 3718 densi
473 3652 572 3718 simul
588 3653 692 3718 omnis
709 3652 802 3738 copia
819 3651 985 3717 Teucrum

169 3754 394 3842 Tyrrhenique
409 3759 508 3824 duces
524 3757 734 3843 Evandrique
749 3757 895 3824 Arcades
910 3757 989 3825 alae.
1165 3760 1231 3826 835

238 3861 286 3928 At
303 3862 431 3929 Triviae
447 3871 556 3930 custos
567 3863 639 3950 jam
655 3864 783 3929 dudum
798 3863 834 3929 in
848 3864 1016 3930 montibus
1033 3863 1116 3950 Opis

171 3967 253 4035 Alta
269 3969 360 4035 sedet
376 3951 522 4053 suinmis,
540 3975 732 4055 spectatque
748 3969 899 4036 interrita
914 3991 1052 4058 pugnas.
