2944 4522
526 287 698 335 nuunrnos
720 289 785 338 mn.
810 290 859 340 xr.
1172 271 1237 338 251
1309 317 1311 322 -

170 447 257 516 Orsa
275 448 396 515 refert:
422 445 487 516 “O
504 446 594 514 fama
607 448 732 534 ingens,
748 449 912 536 ingentior
926 449 1036 535 armis,

174 552 272 618 “Vir
288 551 439 637 Trojane,
456 551 577 637 quibus
593 553 681 618 coelo
697 560 731 620 te
746 553 898 620 laudibus
914 556 1079 640 aequem?
1174 554 1240 621 125

174 657 195 691 “
208 659 232 724 J
234 659 411 725 ustitiaene
426 658 517 745 prins
532 657 632 724 mirer
645 657 765 724 belline
779 659 955 725 laborum?

175 762 277 828 “Nos
292 784 367 828 vero
381 762 462 828 haee
478 761 623 848 patriam
637 762 725 848 grati
740 762 916 829 referemus
931 764 974 828 ad
989 764 1114 847 urbem,

176 865 257 930 “Et
272 875 317 952 te,
334 866 361 932 si
377 887 444 952 qua
458 866 547 930 viam
564 866 691 932 dederit
706 849 849 952 fortuna,
866 866 987 932 Latino

177 969 199 1002 “
208 971 232 1036 J
233 992 396 1057 ungamus
411 971 478 1057 regi
492 993 501 1056 ;
526 979 662 1057 quaerat
679 970 741 1037 sibi
755 959 886 1037 foedera
902 971 1044 1040 Turnus.

178 1076 200 1110 “
212 1077 301 1158 Quin
316 1085 350 1142 et
365 1077 484 1146 fatales
499 1099 668 1143 murorum
682 1079 833 1142 attollere
849 1078 961 1163 moles,
1175 1080 1240 1144 130

177 1181 198 1214 “
213 1169 365 1268 Saxaque
382 1184 571 1248 subvectare
585 1182 729 1248 humeris
746 1181 888 1267 Trojano
899 1181 1062 1268 juvabit.''

178 1286 315 1352 Dixerat
329 1286 421 1372 haec,
438 1307 568 1372 unoque
583 1307 695 1352 omnes
711 1287 826 1352 eadem
841 1307 894 1352 ore
910 1287 1100 1354 fremebant.

178 1391 234 1456 Bis
251 1414 343 1458 senos
359 1392 511 1479 pepigere
527 1392 607 1477 dies,
624 1399 657 1458 et
673 1415 753 1479 pace
767 1399 939 1476 sequestra

176 1500 243 1568 Per
258 1499 356 1566 silvas
372 1499 490 1565 Teucri
505 1499 668 1585 mixtique
684 1501 819 1586 impune
835 1499 949 1566 Latini

176 1605 331 1670 Erravere
343 1604 440 1691 jugis.
488 1604 588 1670 Ferro
604 1611 698 1670 sonat
715 1605 784 1670 alta
798 1606 935 1692 bipenni
1175 1607 1240 1673 135

176 1709 362 1793 Fraxinus3
387 1717 545 1775 evertunt·
556 1717 647 1776 actas
662 1711 706 1776 ad
722 1710 826 1776 sidera
840 1711 937 1796 pinus
951 1733 960 1795 ;

177 1815 305 1880 Robora
320 1836 380 1880 nec
396 1815 507 1881 cuneis
523 1823 556 1880 et
572 1815 715 1880 olentem
732 1815 875 1882 scindere
892 1818 1038 1902 cedrum,

176 1919 247 1985 Nec
262 1917 420 2005 plaustris
436 1927 564 1986 cessant
579 1928 709 1986 vectare
725 1921 932 2006 gementibus
948 1943 1050 1989 omos.

243 2024 289 2088 Et
301 2023 374 2110 jam
388 2024 495 2089 Fama
511 2025 634 2108 volans,
652 2025 741 2090 tanti
756 2025 954 2110 praenuntia
968 2026 1091 2111 luctus,

176 2129 369 2194 Evandrum
384 2127 596 2214 Evandrique
612 2129 724 2194 domos
739 2136 773 2192 et
790 2129 919 2193 moenia
934 2129 1049 2215 replet,
1176 2130 1241 2195 140

177 2235 268 2316 Quae
283 2235 379 2300 modo
395 2234 552 2300 victorem
568 2234 665 2300 Latio
682 2235 838 2300 Pallanta
852 2235 984 2300 ferebat.

176 2340 324 2405 Arcades
339 2340 382 2404 ad
398 2347 509 2425 portas
525 2361 626 2424 ruere,
643 2347 677 2404 et
693 2325 837 2404 demere
853 2345 988 2404 vetusto

176 2446 342 2510 Funereas
358 2466 493 2530 rapuere
508 2444 612 2512 faces:
637 2445 726 2510 lucet
742 2444 796 2509 via
812 2444 907 2530 longo

180 2549 303 2616 Ordine
318 2549 537 2633 flammarum,
555 2555 589 2614 et
605 2550 673 2614 late
692 2549 897 2616 discriminet
913 2571 1015 2635 agros.

64 2679 69 2686 ·
179 2656 301 2722 Contra
316 2656 416 2720 turba
433 2656 602 2741 Phrygum
619 2655 751 2720 veniens
767 2656 959 2743 plangentia
970 2655 1083 2742 jungit
1177 2656 1241 2722 145

177 2761 329 2848 Agmina.
373 2761 469 2842 ⁴Quae
485 2768 663 2848 postquam
678 2769 798 2826 matres
816 2763 986 2828 succedere
1002 2763 1101 2828 tectis

178 2867 352 2951 Viderunt,
369 2872 529 2932 maestam
545 2865 726 2930 incendunt
743 2866 935 2932 clamoribus
951 2867 1073 2936 urbem.
1137 2867 1139 2870 ’

177 2973 226 3040 At
242 2994 308 3038 non
322 2971 514 3051 Evandrum
529 2970 616 3057 potis
631 2979 682 3036 est
695 2971 744 3036 vis
759 2971 828 3036 ulla
844 2979 973 3052 tenere;

179 3079 243 3145 Sed
258 3077 348 3142 venit
363 3077 399 3142 in
414 3076 547 3142 medios.
594 3075 729 3141 Feretro
746 3077 904 3141 Pallanta
920 3083 1049 3161 reposto
1177 3075 1240 3142 149

63 3171 67 3176 ’
178 3181 359 3248 Procubuit
376 3203 473 3267 super
488 3188 588 3266 atque
604 3180 717 3246 haeret
733 3181 971 3265 lacrimansque
987 3198 1195 3265 gemensque,

177 3287 224 3352 Et
240 3286 293 3351 via
308 3286 365 3351 vix
380 3287 516 3352 tandem
532 3286 617 3351 vocis
632 3286 746 3351 laxata
762 3285 870 3351 dolore
886 3293 936 3349 est
951 3304 959 3352 :
1176 3284 1238 3349 151

179 3391 202 3426 “
215 3391 290 3457 Non
305 3392 396 3476 baec,
413 3413 431 3456 0
449 3391 555 3476 Palla,
572 3391 707 3456 dederas
723 3389 883 3476 promissa
899 3387 1048 3474 parenti;

179 3497 200 3530 “
215 3496 356 3563 Cautius
370 3503 411 3561 ut
428 3517 522 3562 saevo
538 3497 638 3562 velles
655 3503 688 3561 te
704 3497 832 3561 eredere
849 3493 959 3560 Marti.

179 3600 201 3633 ‘⁴
214 3599 316 3666 Hand
331 3601 465 3687 ignarus
481 3621 581 3684 eram,
599 3608 764 3685 quantum
779 3621 863 3663 nova
878 3598 979 3685 gloria
995 3598 1031 3663 in
1046 3598 1145 3666 armis

182 3703 203 3737 “
216 3705 262 3770 Et
278 3705 452 3791 praedulce
468 3707 567 3771 decus
582 3706 685 3791 primo
702 3704 877 3770 certamine
893 3711 1010 3791 posset.
1055 3713 1057 3716 ’
1170 3705 1237 3772 155

181 3809 201 3843 “
215 3810 391 3874 Primitiae
398 3809 526 3894 juvenis
543 3810 686 3893 miserae,
703 3809 846 3893 bellique
858 3809 1035 3897 propinqui

182 3913 203 3947 “
216 3913 310 3979 Dura
326 3913 523 3999 rudimenta,
541 3922 574 3980 et
589 3915 673 3980 nulli
689 3914 845 3980 exaudita
860 3915 995 3982 deornm
