2838 4522
194 365 196 371 Ι
250 287 292 350 10
592 305 785 373 1ΑΕΗΕΙΒοΒ
808 305 873 353 ure.
898 305 919 353 1.

250 462 407 531 Oonstitit
423 471 457 530 et
473 463 596 568 Libyae
611 445 726 551 ddfixit
741 465 867 530 lumina
882 462 997 550 regnis.

249 570 362 654 Atque
381 564 487 655 illum,
505 543 588 637 tolles
600 564 783 654 jactantem
797 572 928 656 pectore
939 576 1048 652 curas,

250 675 389 740 Tristior
402 683 437 739 et
451 674 596 740 lacrimis
611 661 720 742 oculos
736 673 860 740 suffusa
874 668 1019 745 nitentes

231 779 442 873 ‘Alloquitur
456 779 570 845 Venus
587 767 683 866 :X‘O
700 780 759 865 qui
775 801 824 844 res
839 779 1074 864 hominumque
1091 762 1256 862 ‹lehmque

201 887 211 932 i
251 880 437 949 “Aeternis
452 883 535 970 regis
550 883 696 970 imperiis
712 892 746 949 et
761 883 899 948 fulmine
915 890 1026 966 terres,
1128 885 1130 892 '
1243 882 1314 946 230

255 987 375 1070 “Quid
390 975 628 1055 meus'Aenees
643 989 679 1054 in
694 997 727 1054 te
744 989 947 1054 committere
964 995 1107 1073 tantum,

250 1095 369 1177 “Quid
386 1095 643 1182 Troes'potuere,
657 1097 787 1181 quibus,
806 1103 855 1160 tot
870 1095 985 1160 funera
999 1093 1114 1180 passis,

252 1199 273 1232 “
285 1199 434 1265 Ounctus
450 1200 641 1270 ohItaliam
657 1184 817 1264 terrarum
833 1198 996 1264 clauditur
1011 1198 1127 1264 orbis?

251 1302 273 1336 “
287 1302 382 1369 Oerte
397 1303 473 1368 hinc
488 1303 650 1368 Romanos
666 1303 753 1387 olim,
772 1303 978 1368 volventibus
994 1303 1097 1385 annis,

251 1407 272 1440 “
286 1407 374 1474 Hinc
389 1409 630 1502 foreductores,
648 1415 795 1473 revocato
811 1430 831 1471 a
844 1399 1005 1493 'sanguine
1023 1405 1152 1491 Teucri,
1246 1407 1315 1472 235

253 1512 274 1544 “
288 1513 353 1593 Qui
368 1533 467 1599 mare,
485 1512 543 1599 qui
558 1520 661 1578 terras
676 1513 766 1578 omni
781 1512 907 1578 dicione
923 1519 1086 1596 tenerent,

253 1616 273 1648 “
286 1616 468 1701 Pollicitus,
486 1638 569 1704 quae
585 1625 629 1701 te,
646 1617 782 1705 genitor,
801 1617 963 1682 sententis
975 1617 1106 1683 vertit?

252 1720 273 1753 “
286 1720 358 1786 Hoc
370 1721 523 1806 equidem
538 1743 689 1786 occasum
706 1719 822 1806 Trojae
837 1709 1014 1810 tristesque
1029 1721 1141 1786 ruinas

125 1863 129 1870 -
254 1823 274 1858 “
287 1826 429 1910 Solabm,
446 1826 523 1891 fatis
539 1826 700 1893 contraria
715 1827 789 1890 sata.
802 1827 982 1912 rependens
996 1847 1006 1908 ;
1047 1885 1087 1908 ,s

253 1928 274 1961 “
287 1929 385 1995 Nunc
401 1931 515 1996 eadem
530 1931 662 1996 fortuna
676 1929 761 1996 viros
777 1937 828 1996 tot
843 1930 973 1996 casibus
989 1938 1079 1996 actos
1246 1930 1318 1996 240

254 2035 274 2068 “
287 2035 485 2122 Insequitur.
533 2036 639 2117 Quem
655 2037 713 2101 das
727 2035 838 2119 finem,
855 2056 911 2100 rex
926 2056 1054 2121 magne,
1071 2033 1251 2102 laborum?
1289 2075 1293 2084 ·

254 2141 435 2208 “Antenor
450 2144 571 2228 potuit,
588 2141 704 2208 mediis
719 2142 849 2227 elapsus
865 2141 1011 2226 Achivis,

253 2247 432 2334 “Illyricos
446 2256 614 2336 penetrare
631 2247 720 2312 sinus
736 2254 836 2331 atque
852 2246 972 2310 intima
986 2253 1082 2312 tutus

254 2354 275 2388 “
286 2355 399 2440 Regna
414 2353 644 2436 Liburnorum,
662 2361 695 2417 et
710 2352 837 2417 fontem
854 2374 1004 2438 superare
1023 2352 1163 2437 Timavi,

254 2459 387 2525 “Unde
403 2481 460 2546 per
475 2481 531 2524 ora
545 2479 662 2528 novem
676 2463 770 2522 vesto
786 2479 863 2522 cum
879 2478 1045 2523 murmure
1061 2456 1184 2522 montis
1246 2457 1319 2524 245

182 2625 185 2630 .
255 2564 275 2596 “
286 2565 320 2628 It
333 2585 426 2654 mare
442 2557 639 2650 proruptum
655 2569 689 2626 et
705 2563 819 2648 pelago
835 2563 956 2648 premit
972 2584 1050 2627 arva
1066 2561 1205 2628 sonanti.

256 2669 276 2700 “
290 2668 355 2734 Hic
366 2677 477 2733 tamen
486 2668 542 2732 ille
554 2667 668 2732 urbem
683 2667 804 2732 Patavi
820 2669 975 2752 sedesque
991 2667 1113 2732 locavit

206 2785 207 2788 ’
254 2774 275 2809 “
289 2767 497 2854 Teucrorum,
524 2782 558 2839 et
572 2774 664 2860 genti
679 2795 797 2839 nomen
812 2775 903 2840 dedit
919 2796 1074 2860 armaque
1090 2774 1165 2839 fixit

256 2880 278 2913 “
291 2881 399 2964 Troia3
413 2901 500 2944 nunc
515 2867 643 2966 placidi
658 2889 843 2966 compostus
859 2902 939 2966 pace
957 2881 1095 2965 quiescit
1107 2901 1116 2963 ς

255 2984 276 3018 ‘⁶
290 2985 370 3069 Nos,
388 2992 448 3049 tua
462 2984 638 3080 progenies,
657 2983 737 3050 coeli
753 2985 872 3070 quibus
888 2985 1005 3052 annuis
1020 3007 1139 3070 arcem,
1247 2987 1319 3052 250

255 3089 276 3122 “
289 3088 628 3155 Navibus-infandum
645 3089 808 3173 l-amissis,
826 3087 923 3153 unius
936 3089 976 3154 ob
992 3089 1076 3154 iram

255 3196 276 3229 “
289 3195 471 3281 Prodimur,
489 3203 589 3281 atque
605 3195 701 3260 italis
716 3197 810 3281 longe
827 3188 1046 3281 disjungimur
1061 3195 1134 3262 oris.

256 3301 278 3333 “
292 3299 356 3365 Hic
372 3300 507 3386 pietatis
523 3301 623 3366 honos
639 3303 655 3366 Ρ
683 3300 736 3366 Sic
752 3321 809 3365 nos
825 3300 860 3364 in
876 3307 1003 3385 sceptra
1020 3299 1145 3385 reponis
1160 3301 1206 3365 ?”

255 3405 321 3471 Olli
331 3404 499 3470 subridens
514 3404 686 3470 hominum
701 3412 789 3470 sator
804 3412 905 3489 atque
921 3404 1055 3468 deorum

255 3510 373 3594 Vultu,
390 3532 454 3595 quo
469 3511 596 3575 coelum
611 3516 890 3596 tempestatesque
907 3517 1044 3594 serenat,
1250 3511 1322 3578 255

256 3615 376 3683 Oscula
390 3615 507 3680 libavit
522 3621 630 3698 natae,
648 3614 765 3679 dehinc
782 3613 863 3678 talia
877 3614 968 3678 fatur
984 3636 990 3679 :

256 3720 277 3754 “
287 3721 388 3787 Parce
403 3728 506 3804 metu,
526 3719 710 3804 Cytherea:
735 3727 870 3786 manent
885 3720 1024 3785 immota
1040 3727 1171 3785 tuorum

257 3827 278 3860 “
291 3828 379 3893 Fata
393 3825 476 3909 tibi;
502 3847 612 3891 cernes
627 3825 741 3890 urbem
756 3831 789 3890 et
805 3825 962 3910 promissa
978 3825 1096 3890 Lavini

258 3933 277 3966 '‘
288 3932 426 4016 Moenia,
441 3931 680 4016 sublimemque
695 3930 775 3996 feres
790 3926 833 3999 ed
850 3930 953 3996 sidere
969 3929 1049 3996 coeli
