2944 4522
265 314 330 380 188
610 332 781 380 snusrnos
805 334 868 382 ma.
896 334 969 382 1111.

265 491 353 556 Tum
368 499 546 560 memorat:
573 492 659 558 “Ne
675 514 759 588 vero,
775 491 902 580 hospes,
919 515 960 558 ne
977 513 1096 578 quaere
1111 494 1265 580 profecto,

267 597 406 679 “Quem
422 620 535 663 casum
551 607 704 684 portenta
719 599 845 666 ferant:
871 619 931 684 ego
946 621 1060 684 poscor
1075 600 1226 686 Olympo,

266 701 369 768 “Hoc
387 704 515 790 signum
531 705 650 770 cecinit
665 705 838 770 missuram
853 706 929 771 diva
944 706 1093 791 creatrix,

265 807 477 874 α811111111111
493 809 672 895 ingrueret,
690 809 920 896 Vulcaniaque
936 833 1027 876 arma
1043 834 1100 897 per
1115 835 1211 878 auras
1258 814 1328 878 535

266 913 286 945 “
300 913 461 979 Laturam
476 915 607 982 auxilio.
1210 901 1212 906 ¹

266 1017 376 1082 “Heu
391 1026 536 1104 quantae
553 1019 677 1085 miseris
694 1020 806 1086 caedes
823 1021 1043 1087 Laurentibus
1058 1021 1204 1090 instant!
1291 1073 1293 1078 .

267 1125 286 1154 “
299 1123 388 1204 Quas
403 1147 522 1209 poenas
537 1124 629 1209 mihi,
642 1124 762 1209 Turne,
774 1126 868 1191 dahis
883 1132 889 1194 1
909 1148 1011 1212 quam
1022 1128 1129 1193 multa
1146 1129 1206 1193 suh
1218 1129 1328 1194 undas

267 1228 286 1262 “
301 1229 401 1295 Scuta
417 1230 524 1294 virum
540 1230 711 1316 galeasque
727 1237 760 1295 11
776 1230 873 1296 fortia
889 1254 1021 1318 corpora
1035 1233 1155 1317 volves,
1217 1235 1224 1244 '

267 1333 425 1420 “Thybri
440 1343 534 1421 pater
548 1341 556 1404 1
584 1336 726 1401 Poscant
742 1337 827 1402 acies
842 1345 876 1402 et
892 1337 1020 1404 foedera
1035 1345 1190 1425 rumpant
1202 1345 1210 1406 1
1222 1342 1242 1368 ''
1260 1338 1329 1405 540

266 1439 357 1504 Haec
373 1440 431 1505 ubi
445 1440 535 1505 dicta
550 1440 653 1525 dedit,
671 1440 748 1506 solio
765 1462 798 1506 se
813 1442 903 1507 tollit
918 1443 960 1508 ab
978 1443 1056 1527 alto,

267 1543 313 1606 Et
329 1543 472 1628 primum
488 1543 657 1610 Herculeis
673 1545 794 1630 sopitas
809 1546 940 1632 ignibus
955 1570 1027 1613 aras

268 1651 428 1734 Suscitat,
444 1652 697 1738 hesternumque
713 1653 832 1718 Larem
847 1675 1027 1739 parvosque
1043 1655 1184 1720 Penates

154 1747 156 1751 ’
267 1755 389 1820 Laetus
404 1757 475 1822 adit
483 1778 496 1839 3
520 1765 669 1823 mactant
684 1759 787 1824 lectas
802 1761 843 1826 de
859 1781 948 1824 more
964 1759 1112 1825 bidentes

267 1862 439 1928 Evandrus
454 1863 587 1949 pariter,
604 1865 727 1950 pariter
743 1863 884 1950 Trojano
895 1864 1062 1951 juventus.
1261 1866 1329 1934 545

268 1967 348 2032 Post
363 1968 439 2032 hino
456 1969 498 2033 ad
514 1990 611 2034 naves
626 1969 784 2054 graditur,
802 1970 966 2055 sociosque
981 1970 1102 2036 revisit.

268 2073 415 2152 Quorum
430 2074 470 2137 de
487 2093 631 2158 numer0,
649 2073 707 2159 qui
722 2096 790 2140 sese
805 2074 839 2139 in
854 2075 941 2140 bella
958 2082 1147 2160 sequantur,

268 2175 479 2243 Praestantes
493 2178 617 2244 11111111
632 2179 712 2264 legit
725 2199 734 2260 ;
758 2201 833 2264 pars
849 2186 956 2244 cetera
972 2201 1080 2264 prona.

267 2282 390 2348 Fertur
404 2303 501 2368 aqua,
519 2283 690 2370 segnisque
706 2284 846 2348 secundo
862 2283 977 2348 defluit
994 2283 1094 2367 amni,

268 2387 398 2454 Nuntia
413 2396 550 2455 ventura
565 2389 708 2455 Ascanio
723 2411 897 2474 rerumque
913 2389 1087 2475 patrisque.
1265 2391 1332 2458 550

269 2493 401 2559 Dantur
416 2495 492 2580 equi
508 2494 641 2560 Teucris
658 2493 823 2580 Tyrrhena
840 2495 1028 2580 petentibus
1043 2516 1141 2577 arva3

269 2600 407 2665 Ducunt
424 2607 586 2665 exsortem
602 2600 743 2684 Aeneae,
761 2620 861 2685 quem
875 2599 968 2664 fulva
982 2599 1085 2665 leonis

268 2705 369 2769 Pollis
384 2705 454 2770 obit
469 2711 589 2790 totum,
606 2705 812 2792 praefulgens
828 2705 993 2792 unguibus
1009 2704 1125 2771 aureis.

334 2808 441 2874 Fama
455 2811 545 2876 volat
561 2833 695 2896 parvam
710 2811 818 2877 subito
833 2812 970 2896 vulgata
986 2833 1044 2896 per
1059 2811 1183 2895 urbem,

268 2914 368 2980 Ocius
383 2914 428 2979 111
444 2915 571 3000 equites
589 2915 748 3000 Tyrrheni
762 2916 806 2980 ad
821 2915 918 2980 litora
934 2916 1038 3002 regis;
1265 2916 1330 2982 555

268 3017 357 3083 Vota
372 3026 465 3083 metu
479 3019 651 3104 duplicant
666 3027 799 3103 matres,
816 3019 1013 3104 propiusque
1030 3018 1149 3105 periclo

268 3124 304 3188 It
319 3123 426 3208 timor,
444 3132 478 3189 11
495 3124 596 3210 major
611 3124 728 3190 Martis
739 3124 811 3210 jam
826 3132 963 3211 apparet
979 3125 1096 3211 imago.

269 3229 357 3294 Tum
373 3237 466 3315 pater
481 3229 665 3314 Evandrus,
683 3231 832 3295 dextram
848 3231 1038 3316 complexus
1054 3229 1173 3314 euntis,

268 3335 402 3419 Haeret,
418 3335 605 3422 inexpletus
619 3335 804 3420 lacrimans,
822 3357 860 3400 ao
876 3336 958 3400 talia
972 3335 1081 3402 fatur:

270 3439 331 3505 “0
349 3440 431 3505 mihi
447 3440 637 3525 praeteritos
654 3439 771 3504 referat
787 3440 815 3506 si
829 3440 964 3526 Jupiter
978 3462 1090 3524 annos,
1266 3439 1330 3506 560

270 3543 418 3624 “Qualis
435 3567 535 3630 eram,
553 3566 658 3629 quum
673 3545 813 3630 primam
829 3546 933 3610 aciem
949 3545 1127 3610 Praeneste
1144 3545 1206 3610 suh
1221 3544 1295 3632 ipsa
1356 3575 1360 3582 ·

270 3649 291 3682 “
306 3649 416 3716 Stravi
432 3658 663 3734 scutorumque
678 3649 808 3714 incendi
823 3649 928 3714 victor
943 3671 1083 3742 acervos,

270 3754 290 3788 “
302 3755 349 3820 Et
364 3775 471 3840 regem
486 3755 547 3820 hac
564 3755 714 3820 Herilum
730 3756 847 3820 dextra
862 3755 923 3820 suh
941 3754 1080 3819 Tartara
1095 3755 1196 3839 misi-,

272 3861 292 3897 “
304 3860 463 3926 Nascenti
478 3860 532 3925 cui
547 3869 613 3924 tres
628 3859 754 3924 animas
770 3859 908 3924 Feronia
923 3867 1028 3924 mater

271 3964 290 3997 “
308 3963 532 4042 (Horrendum
548 3963 642 4029 dictu
656 3964 681 4050 l)
699 3964 842 4048 dederat,
854 3970 948 4028 terna
963 3985 1053 4029 arma
1069 3965 1230 4030 movenda
1239 3985 1249 4048 3
1267 3967 1331 4032 565
