2944 4522
268 311 336 378 212
626 327 799 376 Auuuruos
822 327 887 375 uus.
910 327 958 375 1x.

269 486 290 522 “
300 488 364 573 En,
378 488 437 574 qui
452 495 564 556 nostra
579 487 642 555 sibi
651 487 739 552 bello
754 486 917 552 connubia
932 490 1091 571 poscunt!
1263 485 1329 551 600

209 640 212 645 -
270 591 384 674 “Quis
400 594 479 658 deus
495 593 640 676 Italiam,
657 613 741 676 quae
756 613 811 658 vos
827 589 995 656 dementia
1009 591 1147 676 adegit?

268 695 290 730 “
302 695 377 761 Non
392 697 444 762 hie
462 696 610 781 Atridae,
628 718 687 762 neo
702 696 795 761 fandi
809 696 904 762 fictor
920 694 1045 762 Ulixes.

268 800 434 866 “Durum
450 802 492 866 ab
509 802 612 886 stirpe
630 823 732 887 genus
747 809 842 866 natos
858 802 901 866 ad
918 800 1055 866 flumina
1072 801 1216 886 primum

268 905 290 938 “
304 906 502 986 Deferimus,
519 927 677 990 saevoque
693 907 768 992 gelu
786 906 942 971 duramus
958 912 992 971 et
1009 906 1126 990 undis3

267 1009 289 1043 “
301 1009 437 1075 Venatu
451 1010 625 1096 invigilant
641 1010 736 1096 pueri
751 1011 912 1095 silvasque
927 1010 1086 1096 fatigant3
1261 1013 1327 1080 605

267 1113 450 1180 “Flectere
466 1115 565 1182 ludus
580 1137 679 1200 equos
695 1123 728 1180 et
745 1114 870 1200 spicula
885 1115 1018 1180 tendere
1034 1136 1154 1198 eornu;

267 1219 350 1284 “At
367 1220 496 1305 patiens
512 1208 825 1305 operum'parvoque
841 1226 972 1284 assueta
983 1217 1140 1303 juventus

267 1323 374 1389 “Aut
390 1325 501 1392 rastris
516 1333 637 1391 terram
652 1325 777 1408 domat,
793 1331 853 1388 aut
868 1323 980 1408 quatit
996 1324 1116 1410 oppida
1132 1326 1224 1392 bello.

266 1428 411 1495 “Omne
427 1451 546 1495 aevum
560 1430 642 1496 ferro
657 1428 785 1511 teritur,
801 1448 958 1513 versaque
969 1428 1149 1514 juyenotm

267 1533 288 1566 “
304 1533 409 1620 Terga
424 1534 604 1617 fatigamus
619 1535 726 1618 hasta,
743 1554 802 1598 nee
819 1534 915 1598 tarda
930 1541 1080 1599 senectus
1260 1536 1328 1602 610

267 1637 289 1670 “
306 1638 469 1703 Debilitat
484 1638 567 1704 vires
583 1638 685 1704 animi
699 1645 875 1723 mutatque
890 1638 1041 1722 vigorem.

265 1741 466 1809 “Canitiem
481 1742 577 1828 galea
591 1741 780 1828 premimus,
798 1763 986 1828 semperque
1002 1749 1146 1808 recentes

267 1846 289 1879 “
303 1846 513 1932 Compertare
524 1845 621 1931 juvat
636 1847 772 1933 praedas
789 1853 823 1912 et
838 1847 943 1912 vivere
958 1854 1063 1932 rapte.

264 1948 287 1983 “
302 1950 404 2017 Vobis
419 1950 510 2036 pieta
525 1972 615 2018 eroco
633 1958 667 2017 et
681 1951 822 2037 fulgenti
836 1950 959 2016 murice
974 1950 1084 2034 vestis,

267 2055 454 2122 “Desidiae
470 2056 578 2139 eordi;
596 2055 694 2141 juvat
710 2056 877 2142 indulgere
893 2055 1025 2140 choreis,
1259 2059 1326 2126 615

265 2158 345 2224 “Et
361 2160 652 2226 tunicae-manicas
661 2167 702 2226 et
717 2160 841 2225 habent
856 2159 1046 2224 redimicula
1061 2159 1187 2225 mitrae.

263 2264 284 2299 “
298 2265 326 2331 Ο
341 2287 415 2330 vere
431 2265 603 2353 Phrygiae,
619 2287 724 2351 neque
740 2265 828 2330 enim
844 2265 1000 2350 Phryges,
1017 2264 1065 2329 ite
1080 2265 1222 2350 peralta
1318 2267 1331 2282 ⁶

263 2370 285 2403 “
299 2370 477 2456 Dindyma,
494 2371 552 2436 ubi
567 2371 704 2436 assuetis
719 2369 855 2434 biforem
870 2370 929 2434 dat
945 2369 1027 2434 tibia
1042 2377 1186 2438 eentum.

263 2475 469 2560 “Tympana
483 2497 540 2541 vos
555 2475 726 2559 buxusque
742 2482 837 2540 vocat
854 2473 1049 2559 Berecyntia
1065 2474 1181 2540 Matris

262 2578 283 2609 “
297 2579 433 2645 Idaeae:
458 2579 555 2646 sinite
570 2600 662 2644 arma
676 2577 762 2661 viris,
780 2585 814 2644 et
829 2579 935 2644 cedite
950 2578 1032 2643 ferro
1047 2583 1053 2646 Ι
1067 2581 1085 2608 ”
1257 2580 1325 2644 620

261 2681 356 2746 Talia
368 2681 550 2768 jaetantem
565 2682 662 2748 dietis
678 2705 715 2748 66
731 2683 802 2748 dira
817 2690 990 2748 canentem

260 2787 336 2853 Non
351 2789 432 2854 tulit
447 2789 618 2873 Ascanius,
635 2809 796 2874 nervoque
811 2789 963 2855 obversus
978 2788 1097 2874 equino

261 2890 440 2960 Contendit
455 2895 570 2978 telum,
587 2894 776 2980 diversaque
791 2893 923 2960 brachia
938 2895 1059 2960 ducens

260 2998 286 3065 0
291 2998 432 3083 onstitit,
450 3005 527 3065 ante
542 2999 566 3065 J
568 3021 661 3064 ovem
677 2998 817 3084 supplex
831 3021 889 3084 per
904 3006 981 3065 vota
996 3005 1149 3084 precatus
1162 3019 1170 3064 :

260 3101 429 3188 “Jupiter
443 3102 658 3188 omnipotens,
675 3102 853 3168 audaeibus
868 3124 975 3168 annue
991 3101 1136 3188 coeptis:
1252 3103 1318 3169 625

258 3206 281 3240 “
292 3207 369 3293 Ipse
386 3207 448 3273 tibi
463 3208 506 3272 ad
521 3214 581 3272 tua
596 3206 720 3292 templa
734 3206 837 3271 feram
853 3206 1011 3272 solemnia
1026 3206 1122 3288 dona,

259 3309 338 3375 “Et
354 3319 501 3376 statuam
516 3318 594 3375 aute
609 3331 681 3375 aras
696 3317 811 3375 aurata
826 3309 929 3374 fronte
940 3310 1129 3394 juvencum,

258 3413 280 3446 “
294 3415 510 3499 Gaudentem,
526 3413 712 3500 pariterque
727 3421 828 3498 eaput
845 3435 922 3477 cum
937 3421 1042 3477 matre
1058 3412 1228 3497 ferentem,

258 3517 278 3550 ‘⁶
289 3518 370 3582 Jam
387 3541 485 3583 cornu
500 3525 594 3604 petat
610 3526 645 3582 et
660 3517 798 3603 pedibus
813 3516 870 3602 qui
886 3525 1018 3604 spargat
1034 3518 1197 3584 arenam.”

256 3622 375 3688 Audiit
391 3632 425 3688 et
440 3623 521 3689 coeli
536 3623 663 3709 genitor
677 3623 717 3688 de
734 3630 827 3707 parte
844 3643 956 3686 serena
1253 3622 1318 3690 630

255 3726 409 3792 Intonuit
423 3728 572 3794 laevum:
598 3733 691 3793 sonat
707 3747 773 3790 una
788 3725 896 3790 fatifer
911 3747 1013 3792 araus.

256 3831 387 3917 Effugit
403 3832 598 3897 horrendum
614 3831 753 3896 stridens
767 3831 911 3895 adducta
927 3830 1060 3916 sagitta,

258 3938 387 4022 Perque
402 3944 502 4022 eaput
518 3935 651 4000 Remuli
666 3935 756 4000 venit
771 3941 806 4000 et
821 3956 900 4000 cava
915 3942 1062 4022 tempora
1076 3936 1160 4004 ferro
