2944 4522
261 311 328 376 210
617 329 789 377 nnumnos
812 331 877 378 nra.
901 331 950 380 rx.

261 488 463 575 Expugnare
479 488 559 554 Itali
576 510 768 574 summaque
784 497 925 555 evertere
940 512 1041 576 opum
1055 492 1089 556 vi

263 591 453 678 Certabant,
472 593 571 660 Troes
587 601 698 659 contra
714 595 884 660 defendere
901 595 989 660 saxis

263 699 389 783 Perque
405 721 499 766 cavas
515 700 607 765 densi
621 700 689 764 1515
704 699 890 784 intorquere
905 701 1076 769 fenestras.

262 803 417 890 Princeps
433 807 603 871 ardentem
618 805 757 890 conjecit
771 805 926 892 lampada
944 805 1086 893 Turnus,
1256 813 1324 878 535

261 909 308 973 Et
323 909 494 975 flammam
509 910 616 976 affixit
632 913 737 996 lateri,
754 933 838 997 quae
855 913 997 998 plurima
1012 922 1110 980 vento

264 1014 429 1101 Corripuit
445 1016 575 1082 tabulas
591 1026 625 1082 et
641 1017 788 1102 postibus
804 1018 908 1084 haesit
924 1020 1039 1086 adesis.

262 1119 401 1185 Turbati
417 1121 580 1206 trepidare
596 1121 696 1206 intus,
714 1123 898 1208 frustraque
914 1125 1077 1190 malorum

261 1223 355 1290 Velle
371 1225 494 1311 sugam.
542 1225 634 1291 Dum
649 1249 682 1293 se
697 1229 889 1313 glomerant,
906 1237 1056 1314 retroque
1073 1231 1218 1296 residunt

262 1330 304 1393 In
319 1337 458 1416 partem,
476 1352 558 1416 quae
575 1340 665 1417 peste
682 1340 788 1400 earet:
814 1340 888 1398 tum
904 1336 1043 1420 pondere
1060 1337 1157 1402 turris
1256 1337 1324 1404 540

262 1436 442 1502 Procubuit
459 1436 577 1521 subito,
596 1445 629 1502 et
647 1437 772 1503 coelum
789 1445 884 1503 tonat
899 1461 993 1506 omne
1009 1441 1143 1527 fragore.

263 1541 445 1606 Semineces
461 1543 505 1606 ad
520 1550 652 1627 terram,
669 1543 806 1608 immani
821 1545 905 1608 mole
922 1553 1043 1630 secuta,

263 1646 455 1732 Oonfixique
471 1647 537 1713 suis
553 1647 626 1713 telis
642 1656 676 1713 et
692 1655 824 1734 pectora
839 1650 920 1715 duro

262 1752 444 1818 Transfossi
459 1753 547 1838 ligno
562 1753 717 1836 veniunt;
741 1753 797 1818 vix
811 1775 897 1820 unus
914 1753 1055 1821 Helenor

260 1857 307 1922 Ht
324 1857 433 1942 Lycus
450 1859 572 1944 elapsi:
598 1879 737 1944 quorum
752 1859 936 1944 primaevus
952 1859 1104 1945 Helenor,
1257 1861 1325 1929 545

263 1963 411 2029 Maeonio
428 1964 495 2051 regi
510 1985 609 2049 quem
625 1985 715 2030 serva
731 1965 902 2050 Licymnia
917 1965 1033 2030 furtim

264 2069 450 2135 Sustulerat
465 2070 642 2155 vetitisque
658 2070 700 2135 ad
719 2070 851 2155 Trojam
867 2071 1000 2136 miserat
1016 2071 1125 2156 armis,

261 2173 349 2239 Ense
365 2173 444 2240 levis
460 2175 547 2240 nudo
562 2195 740 2260 parmaque
755 2174 910 2261 inglorius
926 2176 1009 2244 alba.

261 2277 360 2363 Isque
375 2279 434 2344 ubi
449 2299 481 2344 se
498 2279 604 2344 Turni
618 2279 726 2344 media
740 2276 827 2344 inter
842 2280 945 2344 millia
959 2281 1052 2366 vidit,

261 2381 348 2448 Hinc
364 2384 458 2468 acies,
475 2391 575 2469 atque
589 2385 665 2450 hinc
681 2385 767 2450 acies
783 2386 913 2450 adstare
930 2385 1087 2454 Latinas:
1255 2391 1325 2456 550

263 2486 313 2552 Ut
330 2486 409 2572 fera,
426 2508 521 2572 quae,
539 2489 639 2554 densa
653 2497 833 2554 venantum
848 2497 942 2575 septa
957 2511 1081 2575 corona,

263 2589 386 2656 Oontra
401 2591 468 2656 1515
482 2591 573 2676 furit,
591 2614 723 2678 seseque
738 2594 828 2658 haud
842 2595 951 2660 nescia
966 2595 1064 2660 morti

150 2731 155 2743 ·
261 2694 373 2780 Injicit
389 2703 423 2761 51
439 2697 527 2762 saltu
543 2719 641 2783 supra
656 2698 818 2764 venabula
832 2698 954 2781 fertur;

260 2799 362 2865 Haud
377 2800 474 2866 aliter
484 2801 614 2887 juvenis
629 2803 751 2869 medios
767 2803 945 2870 moriturus
960 2805 996 2870 in
1010 2805 1120 2872 hostes

261 2905 361 2970 Irruit
378 2913 422 2990 et,
441 2927 505 2991 qua
520 2907 589 2972 tela
604 2908 693 2974 videt
708 2909 908 2994 densissima,
926 2911 1042 2978 tendit.
1257 2916 1323 2980 555

260 3008 310 3074 At
326 3011 464 3096 pedibus
477 3013 572 3098 longe
588 3013 701 3078 melior
716 3013 825 3098 Lycus
840 3014 926 3079 inter
941 3022 974 3080 51
989 3014 1099 3080 hostes

261 3114 355 3180 Inter
369 3123 403 3180 51
419 3137 510 3182 arma
523 3117 604 3203 fuga
619 3139 729 3183 muros
744 3125 849 3204 tenet,
866 3120 1000 3204 altaque
1017 3127 1120 3185 certat

262 3221 422 3287 Prendere
437 3229 527 3289 15515
542 3243 643 3286 manu
659 3223 845 3308 sociumque
861 3224 1023 3310 attingere
1038 3225 1180 3292 dextras.

261 3324 367 3405 Quem
384 3325 527 3410 Turnus,
545 3326 666 3412 pariter
681 3348 778 3392 cursu
793 3328 924 3411 teloque
940 3335 1082 3411 secutus,

260 3429 414 3514 Increpat
429 3430 480 3495 his
496 3431 617 3498 victor:
645 3430 855 3496 “Nostrasne
872 3433 1016 3516 evadere,
1033 3434 1176 3517 demens,
1258 3438 1322 3500 560

261 3531 284 3566 “
298 3533 443 3618 Sperasti
457 3541 492 3599 te
507 3557 600 3620 posse
616 3537 762 3601 manus?
776 3537 795 3564 '’
820 3536 919 3602 simul
934 3536 1050 3622 arripit
1066 3537 1175 3622 ipsum

260 3637 474 3723 Pendentem,
492 3647 526 3704 et
542 3662 663 3727 magna
677 3639 764 3704 muri
779 3661 855 3705 cum
871 3648 963 3726 parte
979 3641 1126 3708 revellit:

232 3769 234 3774 ·
261 3742 373 3824 Qualis
389 3743 447 3808 ubi
462 3753 521 3809 aut
537 3745 679 3830 leporem
695 3751 754 3809 aut
770 3746 925 3810 candenti
940 3767 1069 3831 corpore
1086 3768 1227 3832 cycnum

262 3847 406 3913 Sustulit
422 3849 492 3913 alta
506 3856 621 3934 petens
637 3849 774 3935 pedibus
789 3849 814 3914 J
815 3850 882 3915 ovis
898 3851 1037 3936 armiger
1053 3851 1156 3936 uncis,

261 3953 454 4034 Quaesitum
468 3961 528 4018 aut
543 3954 641 4018 matri
656 3953 770 4019 multis
786 3953 951 4022 balatibus
966 3977 1089 4044 agnum
1258 3961 1322 4027 565
