2922 4516
497 349 668 398 susumus
691 351 756 399 ΜΒ.
782 351 841 398 XII.

136 513 185 579 Et
200 513 295 581 furiis
310 512 458 599 agitatus
474 532 565 576 amor
580 519 615 576 et
631 511 758 577 conscia
772 509 888 578 virtus.

139 622 192 688 Ut
207 621 353 707 primum
368 618 530 684 discussae
546 618 683 681 umbrae
698 624 732 682 et
747 615 810 702 lux
822 616 950 682 reddita
965 616 1090 698 menti3

139 726 305 792 Ardentes
320 723 487 790 oculorum
502 723 592 788 orbes
609 723 651 787 ad
666 721 794 786 moenia
809 722 904 787 torsit
1138 719 1204 790 670

140 831 317 914 Turbidus,
334 850 416 915 eque
431 828 508 894 rotis
523 849 679 914 magnam
695 828 837 913 respexit
853 829 896 893 ad
912 828 1035 896 urbem.

139 939 229 1003 Ecce
245 943 356 1001 autem
371 933 515 1000 flammis
529 933 615 998 inter
630 933 781 998 tabulata
796 934 930 998 volutus

142 1042 199 1107 Ad
215 1042 342 1107 coelum
356 1039 504 1105 undabat
520 1046 643 1122 vertex,
661 1037 843 1122 turrimque
858 1038 1004 1123 tenebat,

143 1146 288 1231 Turrim,
305 1144 484 1230 compactis
500 1143 648 1208 trabibus
665 1163 765 1227 quam
781 1143 939 1208 eduxerat
953 1143 1034 1228 ipse,

145 1251 406 1335 Subdideratque
422 1257 520 1334 rotas,
537 1257 719 1335 pontesque
734 1248 931 1313 instraverat
947 1249 1039 1315 altos.
1141 1247 1206 1315 675

146 1358 167 1392 “
179 1358 204 1424 J
206 1379 260 1422 am
271 1357 343 1443 jam
356 1357 437 1441 sata,
454 1377 551 1439 soror,
568 1361 742 1440 superant:
767 1353 888 1420 absiste
903 1355 1043 1421 morari:

146 1464 167 1498 “
181 1465 252 1546 Quo
267 1464 347 1528 deus
362 1469 396 1527 et
411 1482 476 1547 quo
487 1462 569 1526 dura
583 1467 680 1526 vocat
694 1460 834 1545 fortuna,
852 1482 1034 1546 sequamur.

146 1567 259 1635 “Stat
274 1567 415 1632 consens
430 1587 567 1632 manum
584 1565 725 1650 Aeneae,
744 1573 823 1650 stat,
836 1567 997 1653 quidquid
1012 1566 1119 1632 acerbi
1133 1575 1194 1652 est,

147 1672 168 1706 “
179 1672 286 1737 Morte
301 1672 383 1758 pati,
399 1692 505 1756 neque
520 1692 574 1736 me
589 1671 782 1756 indecorem',
799 1694 965 1758 germana,
981 1672 1108 1738 videbis

147 1777 169 1811 “
180 1777 344 1862 Amplius.
391 1775 502 1862 Hunc,
516 1797 579 1861 oro,
593 1777 662 1842 sine
677 1799 729 1841 me
744 1777 850 1842 furere
865 1785 942 1843 ante
956 1777 1128 1845 6111016111.υ
1142 1776 1208 1844 680

146 1882 253 1966 Dixit,
270 1889 304 1947 et
320 1903 338 1946 e
353 1903 451 1947 curru
465 1881 588 1948 saltum
603 1881 696 1947 dedit
710 1883 799 1947 ocius
814 1882 909 1966 arvis,

146 1988 274 2072 Perque
289 1986 408 2072 hostes,
425 2009 483 2073 per
497 1987 564 2052 tela
580 1987 658 2072 ruit,
674 1995 899 2072 maestamque
916 2009 1053 2054 sororem

148 2091 277 2158 Deserit
292 2114 331 2158 ac
346 2092 458 2179 rapido
474 2113 573 2158 cursu
587 2093 696 2158 media
711 2093 845 2178 agmina
860 2093 993 2178 rumpit.

146 2198 198 2264 Ac
213 2197 317 2263 veluti
332 2197 454 2263 montis
470 2219 587 2263 saxum
602 2199 643 2264 da
658 2198 778 2263 vertice
794 2219 948 2284 praeceps

148 2303 260 2384 Quum
276 2301 353 2386 ruit,
372 2302 524 2367 avulsum
539 2309 648 2386 vento,
665 2324 723 2368 seu
738 2301 890 2368 turbidus
904 2302 1010 2367 imber
1144 2303 1210 2369 685

147 2405 287 2490 Proluit,
304 2414 363 2472 aut
378 2405 472 2472 annis
488 2406 584 2472 solvit
600 2407 756 2493 sublapsa
771 2415 919 2474 vetustas
933 2429 942 2491 ;

147 2510 267 2576 Fertur
282 2511 317 2576 in
332 2511 512 2597 abruptum
526 2533 645 2598 magno
661 2534 755 2578 mons
770 2513 937 2598 improbus
952 2521 1039 2599 actu,
1060 2509 1063 2516 ’

148 2613 465 2700 Exsultatquesolo,
485 2615 593 2700 silvas,
610 2625 760 2682 armenta
774 2617 922 2703 virosque

149 2719 323 2786 Involvens
339 2741 468 2786 secum:
494 2718 632 2804 disjecta
648 2742 706 2806 per
721 2721 854 2807 agmina
871 2722 1002 2788 Turnus

151 2825 204 2892 Sic
220 2825 310 2891 urbis
328 2825 395 2890 ruit
410 2825 453 2891 od
467 2847 588 2909 muros,
605 2826 663 2891 ubi
678 2826 820 2911 plurima
834 2826 908 2894 fuso
1146 2830 1212 2894 690

151 2928 316 3016 Sanguine
331 2937 419 2995 terra
433 2931 545 2994 madet
561 2930 771 3016 striduntque
787 2931 961 2998 hastilibus
976 2953 1084 3017 aurae,

151 3034 386 3122 Significatque
401 3055 502 3099 manu
518 3042 551 3099 et
566 3055 685 3120 magno
700 3035 799 3101 simul
813 3035 931 3121 incipit
946 3057 1017 3102 ore:
1092 3027 1096 3036 ’

151 3140 320 3206 “Parcite
331 3139 412 3226 jam,
430 3138 560 3224 Rutuli,
577 3147 612 3205 et
626 3161 683 3205 vos
698 3141 766 3206 tela
781 3139 939 3224 inhibete,
956 3139 1091 3205 Latini:

152 3245 421 3330 “Quaecumque
437 3251 487 3310 cst
502 3243 644 3328 fortuna,
661 3265 735 3309 mea
751 3251 821 3326 est;
846 3265 899 3308 me
915 3243 1021 3310 verius
1036 3264 1142 3308 unum

137 3349 173 3426 ,“
186 3351 251 3416 Pro
266 3349 357 3414 vobis
371 3349 485 3415 foedus
499 3348 588 3414 luere
606 3355 640 3413 et
654 3349 825 3414 decernere
840 3348 952 3414 ferro.''
1147 3350 1213 3416 695

153 3453 337 3520 Discessere
352 3474 464 3519 omnes
478 3453 589 3537 medii,
606 3452 817 3538 spatiumque
832 3452 965 3519 dedere.¹

218 3559 269 3624 At
284 3565 381 3644 pater
394 3557 525 3624 Aeneas
540 3557 654 3623 audito
669 3558 800 3622 nomine
817 3556 922 3622 Turni

153 3663 283 3729 Deserit
299 3670 333 3727 et
349 3683 456 3728 muros
472 3671 506 3728 et
522 3683 667 3728 summas
682 3661 800 3728 deserit
816 3683 913 3747 arces,

152 3767 421 3853 Praecipitatque
436 3789 544 3832 moras
560 3787 680 3850 omnes,
698 3787 794 3850 opera
811 3766 921 3832 omnia
938 3769 1074 3855 rumpit,

153 3872 302 3941 Laetitia
317 3872 498 3955 exsultans,
514 3859 776 3954 horrendumque
792 3870 922 3938 intonat
941 3873 1056 3940 armis:
1148 3871 1214 3941 700

152 3979 309 4062 Quantus
325 3975 431 4042 Athos
446 3983 505 4041 aut
522 3981 666 4060 quantus
682 3974 773 4060 Eryx
788 3983 847 4042 aut
862 3976 942 4064 ipse,
959 3977 1100 4044 coruscis
1216 3959 1221 3971 ⁸
