2944 4522
248 289 316 357 254
606 310 777 358 anuurnos
799 311 864 359 nm.
889 312 936 358 xr.

248 466 344 554 Ecce,
361 488 458 556 super
472 469 591 536 maesti
605 492 725 556 magna
741 469 910 536 Diomedis
925 471 968 535 'ab
983 471 1062 535 urbe

248 572 365 658 Legati
381 595 533 659 responsa
547 575 668 658 ferunt,
685 573 769 638 nihil
783 575 934 639 omnibus
949 581 1063 639 aetum

249 677 430 744 Tantorum
445 679 601 766 impensis
617 701 761 766 operum,
777 680 825 744 nil
839 681 925 745 dona
940 700 1045 763 neque
1062 700 1181 763 aurum

248 782 317 848 Nec
334 805 471 870 magnas
486 784 627 850 valuisse
643 805 763 870 preces,
781 785 845 848 alia
861 807 952 849 arma
968 783 1096 849 Latinis

250 889 440 970 Quaerenda
455 898 515 954 aut
531 911 645 975 paoem
661 889 800 975 Trojano
815 891 856 954 ab
872 911 945 976 rege
961 889 1148 975 petendum.
1240 889 1310 952 230

248 993 371 1060 Deficit
385 994 516 1080 ingenti
531 995 625 1082 luctu
640 1015 697 1059 rex
712 994 781 1080 ipse
797 993 959 1062 Latinus:

247 1097 401 1163 Fatalem
416 1098 553 1163 Aenean
568 1098 739 1164 manifesto
755 1098 889 1163 numine
904 1099 988 1182 ferri,

248 1202 415 1269 Admonet
430 1203 480 1268 ira
495 1204 593 1268 denm
609 1203 795 1288 tumulique
810 1211 888 1269 ante
904 1225 959 1269 ora
974 1213 1127 1268 recentes.

248 1308 336 1393 Ergo
348 1307 522 1372 concilium
538 1329 696 1393 magnum
711 1307 896 1392 primosque
913 1329 1046 1378 suorum

248 1413 391 1499 Imperio
408 1413 528 1479 accitos
544 1413 613 1477 alta
627 1412 715 1478 intra
729 1411 845 1477 limina
860 1413 956 1498 cogit.
1240 1411 1309 1478 235

249 1518 316 1586 Olli
331 1504 516 1602 convenere,
533 1518 707 1602 fluuntque
723 1519 766 1584 ad
781 1517 869 1603 regia
885 1517 990 1603 plenis
1020 1592 1022 1596 y

204 1613 207 1620 ’
248 1623 351 1688 Tecta
366 1622 434 1689 viis.
482 1622 581 1688 Sedet
597 1621 632 1686 in
646 1621 763 1686 mediis
780 1628 813 1686 et
829 1621 992 1686 maximus
1008 1641 1086 1686 aevo

248 1727 294 1793 Et
310 1727 435 1813 primus
451 1726 597 1812 sceptris,
614 1726 704 1791 haud
718 1727 806 1791 laeta
820 1727 938 1810 fronte,
955 1725 1105 1791 Latinus.

248 1833 360 1918 Atque
375 1832 428 1898 hic
444 1832 569 1917 legatos
584 1829 704 1896 Aetola
720 1851 762 1896 ex
778 1831 856 1896 urbe
872 1830 1030 1914 remissos,

248 1939 340 2019 Quae
356 1935 588 2019 referant-fari
599 1935 705 2020 jubet,
724 1943 757 2000 et
774 1956 925 2020 responsa
939 1935 1078 2020 reposcit
1237 1930 1307 1996 240

247 2042 368 2110 Ordine
384 2049 504 2108 cuncta
519 2063 586 2110 suo.
635 2041 723 2105 Tum
737 2041 826 2106 sacta
842 2039 972 2106 silentia
987 2039 1119 2126 linguis,

247 2149 294 2214 Et
310 2148 460 2212 Venulus
476 2147 564 2213 dioto
579 2167 697 2232 parens
712 2145 762 2210 ita
776 2145 873 2211 farier
883 2145 978 2211 infit:

250 2254 271 2287 “
285 2254 449 2338 Vidimus,
467 2275 485 2319 o
502 2253 598 2340 cives,
617 2251 811 2317 Diomedem
826 2251 1013 2338 Argivaque
1029 2257 1145 2334 castra,

249 2356 397 2442 “Atque
412 2357 476 2422 iter
491 2357 615 2422 emensi
630 2377 724 2422 casus
741 2356 963 2441 superavimus
979 2377 1100 2440 omnes,

249 2462 270 2495 “
284 2462 553 2548 Contigimurqus
568 2483 716 2546 manum,
734 2483 799 2546 qua
815 2461 956 2526 concidit
974 2461 1037 2526 Ilia
1052 2461 1161 2526 tellus.
1240 2458 1306 2528 245

248 2567 268 2600 “
281 2569 342 2632 Ille
359 2567 474 2631 urbem
489 2565 697 2651 Argyripam,
715 2565 841 2652 patriae
857 2565 1046 2652 cognomine
1061 2565 1178 2652 gentis,

249 2673 397 2738 “Victor
414 2671 558 2758 Gargani
573 2673 734 2738 condebat
750 2672 884 2758 Iapygis
899 2671 992 2738 arvis.

248 2779 464 2862 “Postquam
479 2777 666 2864 introgressi
682 2785 716 2843 et
732 2800 838 2844 coram
854 2780 933 2844 data
949 2777 1042 2863 copia
1057 2777 1170 2858 fandi;

248 2883 269 2917 “
282 2867 422 2958 Munera'
436 2884 657 2970 praeferimus,
674 2905 792 2949 nomen
808 2883 1014 2969 patriamque
1029 2883 1192 2966 docemus,

248 2989 270 3024 “
284 2989 349 3070 Qui
362 2989 488 3055 bellum
503 2989 687 3073 intulerint,
705 3010 789 3074 quae
805 3011 903 3054 causa
919 2989 1092 3054 attraxerit
1104 2987 1221 3074 Arpos,
1239 2989 1305 3056 250

248 3094 417 3160 “Auditis
432 3094 487 3159 ille
502 3093 582 3158 haec
599 3093 727 3180 placido
744 3093 787 3160 sic
805 3093 945 3158 reddidit
961 3114 1035 3160 ore:

249 3202 270 3234 “
281 3200 330 3267 ‘0
347 3199 532 3266 fortunatae
548 3205 672 3284 gentes,
691 3199 845 3265 Saturnia
861 3220 971 3284 regna,

247 3305 269 3340 “
282 3305 291 3338 ‘
304 3303 446 3388 Antiqui
456 3302 610 3386 Ausonii,
628 3324 711 3388 quae
726 3325 783 3368 vos
798 3303 929 3368 fortuna
945 3301 1071 3387 quietos

247 3410 268 3443 “
280 3410 289 3443 ‘
303 3409 475 3492 Sollicitat,
493 3409 672 3492 suadetque
688 3408 803 3494 ignota
820 3408 974 3474 lacessere
989 3407 1103 3472 bella?

247 3513 289 3548 “‘
304 3514 508 3597 Quicumque
524 3511 642 3578 Iliacos
656 3511 741 3579 ferro
755 3512 948 3578 violavimus
964 3534 1082 3598 agros·
1239 3513 1305 3578 255

247 3620 267 3652 “
282 3619 401 3684 ‘Mitto
418 3639 467 3701 ea,
485 3639 568 3702 quae
584 3618 684 3683 muris
699 3617 850 3683 bellando
866 3617 1026 3682 exhausta
1042 3617 1103 3682 sub
1118 3615 1205 3699 altis,

126 3751 130 3760 ’
248 3725 269 3757 “
284 3724 393 3805 ‘Quos
411 3723 527 3789 Simois
542 3730 671 3808 premat
686 3722 742 3787 ille
758 3722 842 3787 viros
852 3761 884 3806 -‚
901 3722 1038 3786 infanda
1052 3743 1111 3808 per
1126 3721 1237 3787 orbem

245 3828 268 3862 “
282 3828 290 3860 ‘
305 3826 474 3913 Supplicia
490 3833 525 3890 et
541 3827 697 3890 scelerum
713 3848 832 3911 poenas
847 3825 1062 3912 expendimus
1078 3847 1200 3909 omnes,

245 3932 266 3966 “
281 3932 289 3965 ‘
302 3931 366 3996 Vel
382 3930 513 4002 Priamo
530 3929 713 3996 miseranda
729 3952 868 3998 manus:
894 3930 956 3996 scit
973 3931 1069 3996 triste
1085 3931 1252 3998 Minervae
