2898 4518
498 329 670 377 arumnos
692 331 757 380 nra.
784 331 816 378 v.
1135 311 1201 378 103

134 490 238 557 Nisus
254 498 288 556 et
303 489 468 576 Euryalus
484 490 592 576 primi,

133 597 301 682 Euryalus
315 596 420 661 forma
435 595 572 679 insignis
588 594 748 679 viridique
760 593 909 680 juventa,
1134 595 1200 661 295

133 700 239 766 Nisus
254 721 363 766 amore
378 701 434 786 pio
450 700 550 786 pueri.
598 700 686 781 Quos
701 700 816 766 deinde
832 707 963 765 secutus

134 805 262 891 Regius
277 806 405 892 egregia
421 804 600 870 Priamide
617 805 718 891 stirpe
735 805 850 870 Diores
864 826 872 886 ;

134 911 237 976 Hunc
256 911 363 978 Salius
379 911 527 976 simulet
544 911 678 995 Patron,
693 931 832 997 quorum
846 911 931 974 alter
945 908 1111 994 Acarnan,
1194 929 1200 940 ·

133 1015 233 1080 Alter
248 1016 290 1081 ab
306 1015 447 1080 Arcadio
465 1015 630 1102 Tegeaeae
644 1015 804 1101 sanguine
820 1015 946 1100 gentis,

134 1121 227 1184 Tum
242 1119 307 1184 duo
324 1120 482 1185 Trinacrii
494 1119 641 1205 juvenes,
658 1118 823 1204 Helymus
839 1118 1065 1204 Panopesque,
1134 1120 1200 1182 300

133 1225 273 1290 Assueti
289 1225 388 1309 silvis,
405 1224 541 1290 comites
558 1224 689 1290 senioris
704 1223 865 1306 Acestae,

133 1329 239 1395 Multi
253 1337 431 1416 praeterea,
448 1351 527 1414 quos
542 1331 632 1396 fama
646 1330 783 1395 obscura
798 1329 951 1396 recondit.

133 1435 267 1500 Aeneas
282 1435 402 1520 quibus
417 1436 453 1500 in
467 1436 582 1501 mediis
597 1435 644 1501 sic
659 1435 776 1504 deinde
791 1436 943 1502 locutus:

134 1539 321 1626 “Accipite
336 1541 415 1606 haec
432 1541 559 1626 animis,
575 1542 745 1626 laetasque
760 1541 922 1607 advertite
937 1549 1074 1608 mantes.

135 1643 157 1676 “
171 1644 279 1709 Nemo
294 1667 336 1710 ex
350 1645 410 1710 hoc
426 1665 559 1712 numero
574 1645 657 1711 mibi
672 1667 737 1710 non
753 1646 895 1712 donatus
911 1647 1024 1714 abibit.
1131 1649 1197 1716 305

134 1748 156 1781 “
170 1748 296 1815 Gnosia
310 1749 389 1814 bina
404 1750 488 1815 dabo
503 1751 611 1815 levato
626 1749 736 1815 lucida
750 1750 833 1816 ferro

134 1853 306 1939 “Spicula
322 1854 546 1940 caelatamque
562 1862 696 1940 argento
711 1853 794 1919 ferre
809 1855 1006 1940 bipennem:

134 1957 332 2023 “Omnibus
348 1958 401 2022 hic
417 1959 477 2022 erit
492 1979 579 2023 uuus
594 1959 704 2025 honos.
725 1953 728 1960 ’
752 1959 832 2024 Tres
849 1960 995 2044 praemia
1010 1959 1109 2046 primi

134 2061 156 2095 ‘⁶
168 2062 356 2148 Accipient,
372 2063 522 2148 flavaque
537 2070 638 2150 eaput
654 2072 829 2129 nectentur
843 2064 949 2131 oliva:

48 2156 52 2172 ’
135 2165 156 2198 “
171 2165 305 2231 Primus
320 2188 442 2252 equum
457 2167 597 2253 phaleris
612 2168 774 2254 insignem
790 2168 893 2232 victor
907 2168 1027 2233 habeto
1042 2189 1051 2251 ;
1132 2170 1199 2234 310

135 2270 270 2335 “Alter
285 2271 500 2336 Amazoniam
515 2271 702 2357 pharetram
718 2272 917 2356 plenamque
933 2272 1064 2358 sagittis

135 2375 155 2407 “
170 2375 342 2460 Threiciis,
359 2375 429 2440 lato
441 2397 542 2461 quam
558 2376 838 2462 circumplectitur
852 2398 932 2442 auro

134 2477 155 2511 “
169 2478 319 2563 Balteus,
337 2487 370 2544 et
386 2478 483 2544 tereti
499 2479 666 2544 subnectit
682 2479 785 2544 fibula
800 2501 950 2566 gemma3

134 2583 154 2616 “
169 2583 302 2649 Tertius
317 2583 471 2670 Argolica
485 2583 546 2648 hac
563 2583 655 2670 galea
671 2591 845 2650 contentus
861 2585 980 2652 abit0.”

132 2689 227 2754 Haec
243 2689 301 2754 ubi
316 2689 415 2774 dicta,
432 2689 542 2754 locum
558 2689 705 2774 capiunt,
723 2689 879 2776 signoque
894 2699 1027 2776 repente
1129 2693 1196 2759 315

134 2793 325 2879 Oorripiunt
341 2794 447 2879 spatia
462 2795 587 2878 audito,
604 2794 770 2878 limenque
785 2795 989 2881 relinquunt,

131 2897 243 2964 Effusi
257 2899 367 2963 nimbo
383 2898 504 2963 similes
517 2919 527 2981 ;
552 2898 653 2964 simul
668 2899 786 2965 ultima
802 2900 941 2986 signant.

132 3003 266 3069 Primus
282 3002 352 3068 abit
368 3003 528 3088 longeque
544 3011 622 3070 ante
639 3004 749 3068 omnia
766 3025 898 3091 corpora
914 3006 1016 3072 Nisus

131 3108 276 3191 Emicat,
293 3116 327 3173 et
342 3108 450 3172 ventis
466 3115 500 3173 et
515 3108 660 3174 fulminis
676 3109 760 3174 ocior
775 3109 854 3193 alis;

132 3213 306 3279 Proximus
322 3213 409 3297 huic,
426 3213 521 3300 longo
537 3215 595 3281 sed
609 3215 778 3300 proximus
793 3214 977 3299 intervallo,
1129 3217 1195 3279 320

132 3319 324 3404 Insequitur
340 3319 470 3403 Salius3
494 3319 600 3405 spatio
616 3327 689 3406 post
707 3320 824 3386 deinde
840 3319 951 3384 relicto

134 3424 267 3489 Tertius
282 3424 445 3509 Euryalus
457 3445 466 3508 ;

131 3517 380 3615 Euryalumque
396 3529 558 3616 Helymus
573 3531 742 3616 sequitur3
766 3552 831 3615 quo
847 3530 963 3596 deinde
979 3533 1040 3598 sub
1055 3532 1126 3618 ipso

132 3633 216 3699 Ecce
232 3635 334 3718 volat,
350 3635 538 3720 calcemque
554 3635 634 3700 terit
645 3634 716 3720 jam
732 3635 819 3698 calce
836 3633 962 3720 Diores,

130 3741 331 3807 Incumbens
346 3741 480 3806 humero
495 3762 504 3824 ;
529 3740 637 3827 spatia
653 3748 687 3806 et
704 3739 732 3805 si
747 3734 843 3825 plu'ra
858 3741 1035 3826 supersint,
1126 3743 1192 3808 325

131 3845 292 3912 Transeat
307 3844 437 3930 elapsus
452 3845 546 3929 prior,
563 3844 795 3930 ambiguumve
810 3845 983 3931 relinquat.

127 3950 274 4036 Jamque
289 3947 357 4012 fere
373 3947 480 4033 spatio
495 3956 639 4014 extremo
653 3948 794 4034 fessique
810 3949 871 4016 sub
886 3949 992 4036 ipsam
