2944 4522
244 295 314 364 234
618 313 790 362 1111111111
812 314 879 364 nra.
901 314 940 362 x.

244 475 347 544 ansa
362 494 481 541 manus
491 473 657 561 juvenum
672 474 774 560 foede,
791 473 997 560 thalamique
1013 471 1162 558 cruenti;

243 583 334 664 Quae
351 580 473 648 Olenus
488 579 667 665 Eurytides
681 580 787 645 multo
803 579 985 645 caelaverat
1001 600 1089 646 auro.

243 688 314 768 Quo
329 708 417 752 nunc
435 686 567 751 Turnus
582 691 660 750 ovat
677 684 778 771 spolio
793 686 979 770 gaudetque
996 685 1130 770 potitus.
1239 686 1307 754 500

243 793 363 858 Nescia
378 813 470 858 mens
485 790 656 866 hominum
670 790 732 856 fati
747 791 907 876 sortisque
922 790 1066 875 futurae,

115 959 120 969 .
241 898 290 963 Et
306 919 431 964 servare
446 897 591 981 modum,
608 896 702 962 rebus
719 897 849 962 sublata
865 896 1036 964 secundis!

243 1003 355 1068 Turno
372 1009 504 1087 tempus
520 1001 593 1086 erit,
611 1022 731 1088 magno
747 1022 851 1086 quum
867 1002 1029 1087 optaverit
1045 1009 1173 1068 emtum

242 1108 417 1172 intactum
432 1105 598 1191 Pallanta,
614 1113 648 1176 et
663 1126 767 1191 quum
782 1105 886 1191 spolia
900 1105 966 1171 iata
981 1105 1132 1192 diemque

244 1211 369 1280 Oderit.
419 1211 469 1276 At
486 1211 564 1278 socii
579 1211 688 1278 multo
703 1211 832 1297 gemitu
846 1211 1053 1296 lacrimisque
1232 1215 1304 1279 505

243 1319 553 1406 Impositumacuto
569 1319 714 1384 referunt
729 1318 883 1385 Pallanta
898 1318 1090 1404 frequentes.

244 1424 272 1491 Ο
292 1425 381 1490 dolor
396 1432 496 1509 atque
512 1424 609 1489 decus
623 1444 783 1508 magnum
800 1423 943 1489 rediture
959 1423 1107 1508 parentii

242 1529 334 1594 Haec
350 1535 384 1594 te
400 1529 505 1615 prima
520 1527 589 1593 dies
603 1527 688 1594 bello
704 1527 805 1612 dedit,
823 1525 901 1594 haec
918 1527 1033 1592 eadem
1049 1527 1170 1612 aufert,

244 1635 356 1716 Quum
371 1641 484 1698 tamen
499 1631 647 1719 ingentes
663 1631 865 1698 Rutulorum
879 1631 1001 1716 linquis
1017 1638 1167 1700 acervos!

309 1738 380 1804 Nec
392 1738 463 1824 jam
477 1738 567 1804 fama
582 1738 662 1804 mali
677 1737 775 1822 tanti,
793 1739 850 1804 sed
865 1738 980 1804 certior
995 1745 1109 1805 auctor
1233 1739 1301 1806 510

241 1843 386 1910 Advolat
403 1843 543 1929 Aeneae,
561 1843 655 1909 terrui
670 1843 856 1910 discrimine
871 1843 931 1910 leti

241 1949 323 2015 Esse
339 1971 434 2015 suos:
460 1956 601 2034 tempus,
618 1948 717 2014 versis
733 1969 915 2014 succurrere
932 1947 1075 2014 Teucris.

126 2068 128 2072 '
242 2055 396 2119 Proxima
411 2074 561 2140 quaeque
577 2052 674 2118 metit
689 2053 807 2139 gladio,
825 2053 997 2138 latumque
1012 2073 1071 2139 per
1085 2074 1204 2140 agmen

242 2159 371 2226 Ardens
387 2159 530 2224 limitem
545 2159 615 2245 agit
631 2158 723 2243 ferre,
740 2166 789 2243 te,
808 2159 928 2244 Turne,
946 2159 1125 2245 superbum

243 2264 351 2331 (laede
366 2285 451 2329 nova
466 2285 633 2349 quaerens.
681 2263 803 2347 Pallas,
821 2264 983 2349 Evander,
1000 2263 1036 2336 in
1050 2263 1131 2350 ipsis
1238 2265 1304 2332 515

244 2369 366 2438 Omnia
382 2377 461 2436 sunt
476 2370 588 2454 oeulis,
606 2391 747 2453 mensae,
765 2390 846 2454 quas
861 2370 988 2437 advena
1003 2369 1124 2456 primas

242 2476 336 2541 Tunc
352 2475 446 2560 adiit,
464 2475 664 2560 dextraeque
680 2475 787 2542 datae.
837 2475 992 2542 Sulmone
1008 2480 1133 2539 creatos

243 2582 394 2663 Quatuor
407 2581 459 2647 hio
471 2579 619 2666 juvenes,
636 2581 785 2665 totidem,
803 2601 884 2666 quos
900 2581 1019 2646 educat
1038 2579 1154 2664 Ufens,

241 2687 511 2774 Viventesrapit,
527 2687 659 2753 inferias
674 2707 755 2772 quos
770 2687 919 2752 immolet
934 2686 1071 2771 umbris,

113 2800 115 2806 ’
243 2793 450 2879 Captivoque
465 2793 534 2880 rogi
548 2793 725 2879 perfundat
741 2793 899 2880 sanguine
913 2793 1074 2859 flammas.
1236 2793 1305 2860 520

240 2899 324 2965 Inde
340 2898 439 2985 Mago
455 2899 568 2984 procul
581 2898 745 2964 infensam
761 2899 973 2965 contenderat
989 2898 1142 2980 hastam3

240 3003 302 3068 Ille
318 3011 395 3069 astu
410 3003 513 3086 subit3
529 3003 788 3070 attremebunda
803 3001 990 3090 supervolat
1005 3003 1124 3086 hasta3

239 3109 287 3174 nt
303 3129 409 3196 genua
424 3109 625 3194 amplectens
641 3107 762 3174 effatur
771 3109 860 3177 ,talia
875 3109 1033 3196 supplex:

241 3213 341 3280 “Per
355 3214 478 3300 patrios
495 3213 609 3279 Manes
624 3221 658 3278 et
674 3235 748 3300 spes
763 3214 927 3300 surgentis
942 3213 1019 3298 Iuli,

241 3318 263 3352 “
281 3319 329 3384 Te
344 3341 466 3406 precor,
483 3319 568 3384 hanc
584 3318 729 3384 animam
744 3339 848 3384 serves
864 3326 1030 3407 gnatoque
1045 3316 1208 3404 patrique.
1218 3351 1222 3364 ·
1233 3319 1299 3386 525

242 3422 264 3456 “
277 3424 340 3489 Est
353 3424 469 3490 domus
484 3423 575 3506 alta;
595 3422 707 3508 jacent
722 3423 855 3509 penitus
871 3423 998 3489 defossa
1012 3423 1140 3488 talenta
1307 3417 1309 3420 ’

241 3527 263 3560 “
278 3527 566 3614 Caelatiargenti3
593 3534 671 3593 sunt
687 3527 758 3594 auri
772 3528 917 3613 pondera
931 3527 1014 3592 facti

242 3630 262 3664 “
273 3630 458 3716 Infeotique
475 3630 566 3698 mihi.
613 3630 690 3696 Non
704 3631 758 3698 hic
774 3631 910 3696 victoria
926 3629 1095 3696 Teucrum

241 3735 263 3769 “
276 3735 440 3821 Vertitur,
457 3743 518 3801 aut
533 3735 644 3801 anima
659 3757 726 3802 una
742 3736 834 3802 dabit
849 3730 1039 3834 discrimina
1054 3739 1183 3802 tanta.''

241 3839 379 3905 Dixerat
393 3860 403 3922 ;
427 3838 556 3905 Aeneae
574 3847 688 3906 contra
704 3840 759 3906 cui
773 3840 855 3906 talia
870 3841 997 3908 reddit:
1239 3842 1303 3910 530

242 3945 418 4032 “Argenti
434 3952 535 4030 atque
550 3945 622 4010 auri
637 3967 798 4012 memoras
813 3967 898 4032 quae
914 3947 1023 4014 multa
1039 3947 1177 4034 talenta,
