2944 4522
177 352 180 358 .
253 303 321 374 264
611 319 783 368 11111111
806 321 870 368 nra.
896 321 943 368 x1.

255 485 276 518 “
288 481 463 551 Gramineo
479 480 603 546 donum
619 477 750 544 Triviae
765 479 805 546 de
822 479 945 566 cespite
961 479 1064 547 vellit.

254 588 363 653 “Non
377 584 473 651 illum
488 585 586 650 tectis
602 585 699 668 ullae,
716 606 782 648 non
797 585 968 650 moenibus
983 584 1079 650 urbes

253 693 274 727 “
286 693 461 777 Accepere,
478 711 583 774 neque
598 689 668 774 ipse
684 710 801 754 manus
816 689 948 754 feritate
965 690 1107 771 dedisset
1124 711 1132 772 ;

253 797 460 862 “Pastorum
476 802 509 860 et
527 794 601 859 solis
616 793 724 879 exegit
740 793 908 858 montibus
924 815 1052 859 aevum.

253 900 275 934 ‘⁶
287 901 352 966 Hic
368 907 483 966 natam
499 899 534 964 in
549 899 658 965 dumis
674 898 824 983 interque
839 898 1004 964 horrentia
1019 899 1125 964 lustra
1248 896 1317 966 570

252 1005 275 1039 “
285 1004 488 1071 Armentalis
503 1025 606 1089 equae
621 1004 774 1068 mammis
790 1011 824 1068 11
840 1004 926 1069 11111
942 1003 1046 1070 111111

253 1111 274 1144 “
287 1111 457 1194 Nutribat,
473 1109 592 1175 teneris
608 1109 806 1196 immulgens
821 1110 921 1174 ubera
937 1109 1044 1176 labris.

253 1212 401 1300 “thue
417 1215 539 1300 pedum
553 1213 666 1299 primis
680 1213 786 1279 infans
804 1213 943 1299 vestigia
957 1214 1082 1299 plantis

252 1318 273 1352 “
287 1318 470 1402 institerat,
484 1317 594 1403 jaculo
609 1318 736 1403 palmas
752 1319 895 1382 armavit
911 1325 1021 1400 acute,

254 1421 487 1508 “Spiculaque
503 1443 544 1487 ex
559 1422 697 1502 humero
712 1444 830 1508 parvae
847 1423 1018 1508 suspendit
1035 1430 1068 1488 et
1085 1444 1207 1490 arcum.
1246 1419 1313 1489 575

251 1527 272 1560 “
287 1527 352 1592 Pro
368 1526 483 1592 crinali
498 1548 586 1611 auro,
604 1549 661 1612 pro
676 1527 792 1613 longae
807 1528 952 1614 tegmine
968 1528 1085 1613 pellae,

250 1631 427 1718 “Tigridis
442 1631 578 1696 exuviae
593 1654 651 1718 per
666 1633 798 1698 dorsum
813 1655 833 1698 1
848 1633 967 1698 vertice
983 1633 1137 1719 pendent.

250 1735 271 1769 “
285 1736 364 1801 Tela
380 1757 481 1800 mann
493 1735 653 1821 jamtum
670 1745 781 1801 tenera
796 1737 934 1822 puerilia
950 1737 1057 1820 111111,

251 1838 328 1904 “Et
343 1839 482 1905 fundam
498 1839 594 1905 tereti
610 1840 733 1904 circum
748 1847 850 1926 caput
867 1840 934 1925 egit
949 1840 1088 1924 habena,

213 1949 215 1952 ’
250 1943 572 2028 “Strymoniamque
587 1965 702 2028 gruem
719 1951 777 2008 aut
794 1944 905 2008 album
921 1944 1037 2028 dejecit
1054 1944 1182 2010 olorem.
1246 1945 1313 2011 580

250 2049 271 2082 “
284 2049 411 2114 Multae
427 2049 518 2113 illam
532 2047 653 2113 frustra
671 2047 840 2132 Tyrrhena
855 2070 913 2134 per
928 2049 1049 2134 oppida
1063 2055 1184 2114 matres

250 2153 444 2240 “Optavere
459 2173 602 2236 nurum3
627 2153 694 2218 sola
710 2160 865 2218 contenta
882 2154 991 2218 Diana

249 2258 464 2324 “Aeternum
480 2259 620 2323 telorum
636 2265 670 2323 et
685 2258 884 2343 virginitatis
900 2281 1043 2324 amorem

249 2362 271 2394 “
281 2362 483 2426 Intemerata
499 2361 585 2427 colit.
632 2361 762 2426 Vellem
777 2361 867 2427 haud
884 2370 1031 2447 correpta
1045 2361 1161 2427 fuisset

249 2465 402 2530 “Militia
415 2466 485 2550 1111,
503 2473 622 2532 111111
636 2467 792 2530 lacessere
809 2465 969 2533 Teucros:
1242 2468 1309 2534 585

248 2571 270 2603 “
284 2570 369 2636 (lara
384 2569 467 2634 mihi
481 2569 705 2656 comitumque
720 2571 803 2636 foret
819 2592 906 2636 nunc
924 2592 990 2635 una
1006 2592 1162 2637 mearum.

249 2675 410 2740 “Verum
427 2696 497 2760 age,
515 2675 778 2760 quandoquidem
793 2675 871 2740 fatis
887 2682 1045 2761 urguetur
1060 2675 1195 2761 acerbis,

248 2779 269 2812 “
279 2779 416 2864 Iabere,
435 2779 602 2865 Nympha,
618 2781 703 2866 polo,
719 2781 864 2865 finesque
880 2781 981 2846 invise
997 2781 1144 2862 Latinos,

248 2885 402 2951 “Tristis
418 2885 476 2951 ubi
490 2885 634 2951 infausto
650 2885 868 2951 committitur
883 2887 988 2951 omine
1004 2909 1124 2973 pugna.

247 2990 269 3024 “
283 2991 374 3056 Haec
391 3013 481 3078 cape,
499 2999 533 3056 11
548 2991 699 3056 ultricem
715 2991 866 3077 pharetra
881 2994 1032 3077 deprome
1049 2993 1224 3078 sagittam:
1244 2994 1309 3061 590

247 3097 268 3130 ‘⁶
279 3097 365 3182 Hac,
383 3098 582 3183 quicumque
600 3118 729 3162 sacrum
744 3098 873 3164 violarit
888 3099 1020 3164 vulnere
1036 3119 1164 3184 corpus,
1288 3168 1291 3174 ,

246 3201 268 3236 “
283 3203 364 3268 Tros
380 3203 539 3287 Italusue,
557 3201 640 3266 mihi
654 3202 777 3288 pariter
792 3203 848 3268 det
864 3203 1021 3289 sanguine
1036 3224 1165 3288 poenas.

246 3307 358 3372 “Post
373 3329 431 3394 ego
447 3309 532 3372 nube
549 3329 628 3372 cava
643 3307 843 3374 miserandae
860 3329 975 3394 corpus
991 3317 1024 3374 et
1039 3331 1130 3374 arma

246 3411 267 3445 “
281 3413 464 3498 Inspoliata
477 3413 579 3477 feram
594 3413 734 3497 tumulo,
751 3413 939 3499 patriaeque
956 3417 1140 3500 reponam.''

246 3517 367 3600 Dixit3
391 3526 428 3583 11
443 3518 500 3582 illa
514 3519 595 3584 levis
611 3518 692 3584 coeli
706 3519 841 3604 delapsa
856 3541 914 3604 per
929 3541 1025 3584 auras
1243 3523 1307 3587 595

244 3621 408 3706 Ι1111111,
425 3622 517 3708 nigro
533 3622 738 3688 circumdata
753 3624 882 3689 turbine
899 3645 1023 3709 corpus.

312 3726 361 3792 At
376 3749 494 3793 manus
510 3728 635 3793 interea
650 3729 751 3794 muris
769 3728 909 3813 Trojano
924 3729 1133 3815 propinquet,

244 3833 444 3917 Etruscique
459 3834 568 3915 duces,
586 3833 801 3918 equitumque
816 3833 980 3900 exercitus
995 3833 1111 3918 omnis,

247 3937 430 4024 Compositi
444 3958 578 4003 numero
595 3939 631 4003 in
646 3947 780 4006 turmas.
827 3938 954 4004 Fremit
971 3959 1107 4022 aequore
1123 3945 1195 4003 toto
