2944 4522
262 321 325 388 190
603 339 774 387 10111111οο
797 341 861 389 nm.
887 341 960 389 vm.

261 499 391 566 Silvano
406 498 496 564 101110
511 508 560 565 000
575 507 700 566 veteres
717 522 856 566 sacrasse
873 501 1036 586 Pelasgos,
1255 500 1323 566 600

258 603 423 668 Arvorum
438 603 625 690 pecorisque
640 606 711 689 deo,
728 605 908 689 lucumque
923 603 1085 689 diemque,
1103 633 1107 640 ·

259 707 323 787 Qui
338 705 437 792 primi
452 707 533 772 fines
548 707 723 792 aliquando
738 708 879 773 habuere
895 707 1039 774 Latinos.

258 811 359 876 Haud
374 812 487 897 procul
502 811 577 876 hino
595 812 721 878 Tarcho
737 819 771 877 et
788 811 948 897 Tyrrheni
964 820 1039 878 01100
1054 813 1212 877 tenebant

259 916 376 985 Castra
390 916 479 1000 locis,
498 917 645 1002 celsoque
660 917 765 983 omnis
780 919 821 983 de
837 918 916 982 colle
931 917 1034 982 videri

257 1021 281 1085 J
282 1043 338 1086 am
353 1029 481 1107 poterat
496 1020 591 1108 legio,
608 1027 642 1086 et
658 1021 735 1087 letis
751 1013 908 1087 tendebat
923 1021 959 1086 in
974 1021 1065 1088 arvis.
1199 1021 1203 1026 ’
1249 1022 1316 1087 605

258 1123 334 1190 Ηο0
350 1133 445 1211 pater
460 1125 591 1191 Aeneas
606 1133 640 1191 00
654 1126 739 1191 bello
754 1127 841 1190 10000
852 1126 1010 1211 juventus

259 1229 457 1314 Succedunt,
474 1230 614 1315 fessique
630 1237 664 1294 et
680 1252 778 1315 equos
794 1237 828 1295 et
843 1251 977 1316 corpora
992 1237 1118 1297 curant.

325 1336 374 1401 At
390 1336 504 1402 Venus
519 1335 678 1401 aetherios
693 1336 780 1400 inter
794 1337 855 1402 dea
870 1335 1009 1401 candida
1023 1335 1152 1402 nimbos

257 1442 353 1508 Dona
367 1444 472 1508 ferens
488 1444 623 1525 aderat;
647 1450 829 1527 natumque
843 1441 879 1506 in
894 1442 978 1507 10110
993 1444 1129 1508 reducta

257 1547 308 1613 Ut
324 1549 436 1633 procul
452 1556 485 1613 et
501 1548 607 1634 gelido
623 1557 785 1614 secretum
800 1548 935 1612 flumine
950 1546 1044 1632 vidit,
1249 1547 1316 1612 610

256 1653 392 1718 Talibus
407 1652 508 1718 affata
522 1661 573 1718 est
589 1635 696 1739 dictis,
714 1675 812 1738 seque
827 1653 948 1719 obtulit
962 1653 1070 1718 ultro:

257 1755 278 1788 “
291 1757 344 1821 En
361 1757 506 1842 perfecta
521 1758 587 1823 mei
602 1757 759 1844 promissa
775 1756 920 1843 conjugis
935 1763 1006 1822 arte

256 1861 277 1893 “
291 1861 437 1946 Munera,
454 1884 495 1927 ne
511 1883 588 1927 mox
603 1871 663 1928 aut
678 1863 869 1946 Laurentes,
887 1869 975 1946 nate,
993 1862 1157 1948 superbos,

206 2051 210 2058 μ
256 1965 276 1998 “
290 1965 364 2032 Aut
380 1988 487 2032 acrem
503 1967 634 2032 dubites
650 1967 684 2032 in
699 1967 822 2053 proelia
837 1989 967 2054 poscere
983 1967 1165 2034 Turnum.’'

256 2071 350 2136 Dixit
367 2080 401 2137 et
416 2073 587 2158 amplexus
602 2073 675 2138 nati
691 2074 851 2158 Cytherea
866 2072 1005 2160 petivit;
1248 2072 1314 2138 615

254 2176 357 2241 Arma
373 2178 433 2242 sub
449 2179 583 2242 adversa
599 2178 708 2263 posuit
725 2178 888 2243 radiantia
904 2199 1033 2262 quercu.

254 2281 325 2361 Ille,
341 2283 421 2347 deae
437 2283 529 2348 donis
544 2290 578 2348 et
595 2291 689 2348 tanto
704 2284 810 2348 laetus
826 2283 954 2366 honore,

253 2385 387 2471 Expleri
405 2387 520 2472 nequit
536 2394 637 2474 atque
653 2388 762 2452 oculos
778 2409 836 2473 per
852 2387 980 2472 singula
995 2384 1108 2470 volvit,

253 2490 458 2576 Miraturque
473 2492 623 2577 interque
640 2513 756 2557 manus
772 2499 806 2556 et
822 2491 954 2557 brachia
970 2497 1078 2556 versat

253 2595 445 2661 Terribilem
463 2596 569 2662 cristis
584 2597 712 2684 galeam
726 2596 941 2680 flammasque
956 2602 1156 2677 vomentem,
1246 2593 1313 2659 620

253 2699 501 2786 Fatiferumque
517 2723 637 2786 ensem,
654 2701 786 2766 loricam
802 2721 844 2764 ex
859 2721 931 2764 aere
947 2699 1117 2785 rigentem,

253 2805 484 2890 Sanguineam,
501 2806 679 2892 ingentem,
697 2805 803 2890 qualis
819 2827 924 2890 quum
939 2804 1068 2870 caerula
1083 2805 1187 2869 nubes

253 2910 335 2976 Solis
350 2910 525 2976 inardescit
540 2911 637 2976 radiis
652 2911 811 2998 longeque
826 2911 964 2997 refulget
976 2931 984 2992 ;

251 3015 339 3102 Tum
354 3015 440 3080 leves
456 3037 563 3082 ocreas
579 3016 698 3080 electro
713 3037 856 3100 auroque
872 3023 1007 3099 recocto,

252 3118 466 3206 Hastamque,
483 3128 516 3185 et
532 3120 629 3206 clipei
644 3142 709 3186 non
726 3120 905 3185 enarrabile
921 3127 1061 3186 textum.
1246 3119 1311 3185 625

250 3225 322 3291 11110
339 3247 388 3291 100
404 3226 508 3291 100100
525 3224 811 3310 Romanorumque
827 3225 1024 3310 triumphos,

250 3329 351 3395 Haud
366 3336 483 3395 vatum
498 3329 629 3415 ignarus
645 3329 839 3414 venturique
854 3328 976 3395 inscius
991 3329 1074 3413 aevi,

249 3434 386 3499 Fecerat
402 3434 613 3521 Ignipotens,
637 3433 703 3500 illic
719 3455 823 3520 genus
838 3455 934 3499 omne
949 3434 1080 3498 futurae

250 3539 367 3625 Stirpis
384 3540 426 3605 ab
442 3539 584 3605 Ascanio
599 3546 812 3625 pugnataque
827 3539 863 3602 in
878 3538 988 3604 ordine
1003 3537 1101 3604 bella.

168 3667 173 3678 ·
248 3643 388 3709 Fecerat
404 3653 438 3709 et
454 3644 551 3710 viridi
565 3646 668 3710 fetam
684 3643 843 3709 Mavortis
857 3643 892 3708 in
908 3651 1002 3708 antro
1245 3643 1306 3710 630

249 3748 464 3814 Procubuisse
480 3749 613 3835 lupam:
637 3749 782 3836 geminos
796 3749 875 3814 huic
891 3750 991 3814 ubera
1006 3749 1131 3814 circum

248 3853 373 3920 Ludere
388 3855 567 3940 pendentes
582 3876 707 3940 pueros,
725 3863 759 3920 et
774 3855 916 3920 lambere
932 3863 1072 3919 matrem

251 3961 457 4046 lmpavidos;
483 3961 574 4025 illam
589 3961 686 4027 tereti
701 3963 823 4029 cervice
840 3962 994 4028 reflexam
