2898 4518
497 327 667 374 AENEIDOS
690 327 755 375 LIB.
781 327 856 375 VIII.

147 487 238 571 Ergo
254 486 318 552 iter
332 487 505 572 inceptum
522 487 665 552 celerant
681 509 807 552 rumore
824 488 965 553 secundo
979 507 989 571 ;

146 592 289 658 Labitur
303 599 404 656 uncta
420 591 513 656 vadis
528 591 627 675 abies,
644 592 807 658 mirantur
822 598 856 656 et
872 593 990 677 undae,

148 697 293 762 Miratur
309 718 422 762 nemus
437 696 606 760 insuetum
622 697 783 782 fulgentia
798 698 892 782 longe

149 804 255 868 Scuta
270 804 377 867 virum
392 801 504 884 fluvio,
522 791 693 886 pictasque
709 801 820 866 innare
837 801 973 870 carinas.

148 907 218 973 0111
234 907 367 992 remigio
384 914 578 990 noctemque
594 905 745 990 diemque
761 907 914 992 fatigant,

147 1013 195 1077 Et
211 1014 324 1098 longos
340 1020 495 1098 superant
511 1012 625 1095 flexus,
642 1012 802 1096 variisque
819 1020 976 1098 teguntur
1172 1019 1213 1081 95

147 1117 339 1202 Arboribus,
356 1117 540 1202 viridesque
556 1125 670 1182 secant
686 1116 814 1202 placido
830 1139 968 1202 aequora
985 1118 1091 1185 silvas.

149 1224 208 1289 sol
225 1222 370 1287 medium
387 1222 468 1286 coeli
485 1223 715 1287 conscenderat
730 1222 846 1308 igneus
861 1223 981 1306 orbem,

150 1328 262 1408 Quum
279 1349 388 1392 muros
405 1349 576 1412 arcemque
591 1329 705 1413 procul
721 1349 758 1392 11
775 1350 847 1394 1111
862 1329 1032 1394 domorum

149 1433 254 1498 Tecta
270 1432 394 1516 vident,
405 1453 479 1519 quae
491 1454 578 1498 nunc
596 1433 747 1498 Romana
763 1434 913 1518 potentia
929 1435 1016 1499 coelo

148 1538 326 1622 Aequent,
345 1546 425 1602 tunc
442 1559 491 1603 res
507 1538 619 1623 inopes
635 1539 808 1604 Evandrus
824 1539 975 1606 habebat.
1147 1541 1212 1606 100

152 1641 256 1709 Ocius
272 1645 450 1708 advertunt
466 1665 584 1728 proras,
602 1644 739 1728 urbique
755 1645 985 1732 propinquant.

218 1747 317 1812 Forte
333 1748 385 1812 die
402 1749 578 1812 solemnem
594 1748 650 1812 illo
666 1770 722 1813 rex
738 1749 843 1815 Arcas
858 1751 1011 1824 honorem
1030 1789 1033 1794 ,

148 1851 469 1938 Amphitryoniadae
485 1875 604 1938 magno
620 1853 768 1938 divisque
783 1855 910 1920 ferebat

149 1957 241 2022 Ante
258 1957 373 2021 urbem
389 1957 424 2020 in
438 1957 519 2024 11111,
568 1958 678 2023 Ρ11111
693 1959 769 2023 huic
784 1960 872 2024 filius
888 1980 965 2043 11111,

149 2061 229 2127 Una
244 2084 356 2127 omnes
368 2063 529 2147 juvenum
544 2063 641 2149 primi
657 2085 846 2149 pauperque
863 2073 997 2130 senatus
1147 2067 1211 2133 105

149 2167 240 2230 Tura
256 2169 390 2250 dabant,
408 2169 603 2254 tepidusque
620 2191 711 2234 cruor
726 2170 879 2234 fumabat
895 2169 938 2234 ad
953 2192 1033 2236 aras.

148 2272 201 2338 Ut
218 2273 320 2338 celsas
336 2273 444 2338 videre
461 2281 557 2358 rates,
574 2281 674 2358 atque
690 2274 777 2338 inter
792 2295 932 2358 opacum

147 2377 260 2442 Allabi
276 2399 390 2442 nemus
407 2385 440 2442 et
456 2378 566 2444 tacitis
580 2379 768 2444 incumbere
784 2378 899 2461 remis;

148 2482 326 2547 'ferrentur
340 2483 413 2548 visu
429 2484 548 2567 subite,
566 2485 742 2569 cunctique
758 2484 878 2549 relictis

148 2587 360 2672 Consurgunt
376 2589 504 2654 mensis.
551 2587 673 2653 Audax
689 2610 771 2674 quos
788 2610 936 2675 rumpere
953 2589 1063 2656 Pallas
1149 2592 1213 2656 110

148 2693 251 2759 Sacra
266 2701 368 2777 vetat,
386 2701 543 2779 raptoque
559 2693 648 2758 volat
664 2695 730 2758 telo
746 2694 860 2759 obvius
875 2694 955 2780 ipse,

147 2799 195 2863 Et
212 2799 325 2884 procul
339 2821 356 2863 e
372 2799 502 2864 tumulo
520 2799 541 2832 “
552 2799 708 2883 iuvenes,
726 2821 808 2884 quae
825 2821 923 2865 causa
939 2799 1069 2886 subegit

148 2905 170 2936 “
184 2904 320 2990 Ignotae
336 2913 463 2969 tentare
478 2905 576 2970 vias?
625 2905 696 2985 Quo
712 2905 877 2972 tenditis?
892 2908 911 2934 ”
927 2905 1046 2990 inquit.
1270 2991 1274 2997 Ι

149 3009 170 3041 “
183 3010 249 3091 Qui
258 3013 388 3095 genus?
408 3010 506 3076 Unde
517 3012 639 3076 domo?
658 3011 819 3075 Pacemne
829 3011 893 3076 huc
902 3011 1005 3094 fertis,
1017 3033 1060 3074 an
1070 3031 1161 3075 arma
1172 3013 1211 3076 ?”

148 3115 237 3179 Tum
254 3124 349 3200 pater
364 3115 492 3180 Aeneas
508 3117 613 3201 puppi
628 3116 672 3181 sic
689 3117 779 3181 fatur
794 3117 836 3181 ab
852 3117 931 3200 1111,
1149 3119 1212 3184 115
1315 3167 1319 3176 .

148 3219 381 3306 Paciferaeque
396 3242 499 3285 manu
513 3242 641 3286 ramum
657 3221 843 3307 praetendit
860 3221 982 3286 olivae:

148 3325 171 3358 “
184 3324 385 3412 Trojugenas
400 3347 439 3390 ac
455 3326 522 3390 tela
537 3326 626 3391 vides
641 3325 774 3390 inimica
792 3325 930 3408 Latinis,

149 3429 171 3463 “
185 3431 273 3511 Quos
289 3431 338 3495 illi
352 3431 437 3496 bello
453 3431 604 3517 profugos
620 3453 711 3517 egere
727 3429 874 3514 superbe.

146 3535 375 3600 “Evandrum
393 3537 544 3621 petimus.
591 3536 689 3600 Ferte
704 3535 785 3600 baec
802 3541 836 3599 et
852 3534 962 3619 dicite,
979 3535 1080 3602 lectos

149 3640 371 3706 “Dardaniae
387 3641 511 3706 venisse
527 3642 637 3725 duces,
655 3640 741 3706 socia
757 3661 849 3704 arma
865 3643 1046 3726 rogantes.”
1149 3645 1212 3708 120

148 3744 335 3832 Obstupuit
352 3753 446 3810 tanto
461 3767 633 3831 percussus
648 3744 777 3809 nomine
794 3745 904 3810 Pallas
918 3767 928 3828 3

148 3850 169 3884 “
179 3850 345 3938 Egredere
361 3871 379 3913 o
395 3850 593 3935 quicumque
608 3871 642 3914 es
652 3851 671 3878 ”
688 3849 735 3914 ait
753 3849 774 3881 “
786 3871 959 3936 coramque
975 3860 1147 3937 parentem

147 3957 167 3990 “
182 3958 376 4040 Alloquere,
393 3978 429 4021 ac
446 3957 567 4021 nostris
584 3957 718 4022 succede
734 3957 909 4042 penatibus
924 3957 1094 4042 hospes1”
