2898 4518
468 359 640 408 Annumos
663 359 728 408 ara.
754 359 803 407 rr.
1126 341 1171 408 86

115 519 135 553 “
144 518 321 607 Exspectat
336 519 533 604 facilemque
548 519 662 605 fugam
677 525 854 603 ventosque
869 515 1017 584 ferentes.
1103 515 1170 582 430

113 624 133 656 “
145 625 217 690 Non
228 625 299 711 jam
315 623 507 710 conjugium
522 624 708 708 antiquum,
726 624 814 708 quod
829 622 983 707 prodidit,
1001 643 1064 706 oro,

114 729 132 761 “
143 729 222 812 Nec,
239 729 377 815 pulchro
392 736 433 793 ut
448 727 546 794 Latio
562 735 671 794 careat
687 747 889 812 regnumque
905 727 1093 813 relinquat3

114 835 290 919 “Tempus
305 834 403 898 inane
419 840 508 918 peto,
525 833 670 917 requiem
686 832 897 917 spatiumque
912 832 1024 917 furori,

114 938 232 1001 “Dum
248 959 324 1002 mea
340 959 392 1002 me
408 937 532 1002 victam
548 939 663 1002 doceat
679 937 812 1001 frutuna
827 937 943 1003 dolere.

113 1041 338 1106 “Extremam
354 1041 439 1106 hanc
455 1063 508 1106 oro
523 1041 821 1106 veniam-miserere
838 1040 976 1129 sororis,
1101 1041 1180 1109 435.

113 1143 250 1224 “Quam
266 1144 351 1208 mihi
366 1165 471 1229 quum
482 1145 618 1227 dederis,
632 1145 839 1210 cumulatam
853 1151 957 1210 morta
970 1145 1168 1212 remittam.'’

114 1247 244 1314 Talibus
259 1249 388 1332 orabat,
405 1249 553 1333 talesque
569 1248 748 1313 miserrima
763 1249 861 1314 fletus

112 1351 249 1438 Fertque
265 1354 428 1438 refertque
444 1375 530 1418 soror
543 1373 552 1435 ;
577 1354 634 1418 sed
649 1353 747 1418 nullis
762 1354 817 1417 ille
833 1361 981 1419 movetur

112 1457 265 1544 Fletibus,
282 1465 344 1524 aut
361 1479 456 1523 voces
469 1458 555 1522 ullas
571 1457 754 1522 tractabilis
770 1457 885 1525 audit:

113 1563 194 1628 Fata
210 1565 358 1648 obstant,
375 1563 584 1648 placidasque
600 1562 660 1627 viri
675 1563 756 1628 deus
771 1563 912 1630 obstruit
927 1585 1032 1633 auree.

112 1668 159 1733 Ac
173 1669 264 1734 velut
282 1690 405 1734 annoso
421 1667 564 1732 validam
580 1688 684 1752 quum
701 1668 811 1733 robore
827 1688 981 1753 quercum

112 1771 221 1858 Alpini
237 1774 362 1838 Boreae
378 1794 465 1836 nunc
481 1771 557 1836 hinc
574 1793 662 1836 nunc
678 1771 812 1837 flatibus
827 1772 916 1838 illinc

112 1875 225 1941 Emere
239 1877 329 1942 inter
344 1897 377 1942 se
394 1883 541 1958 certant;
566 1875 594 1940 it
611 1875 729 1941 stridor
743 1884 777 1940 et
792 1877 879 1942 altae

112 1978 334 2046 Constemunt
349 1989 471 2045 terram
486 2001 639 2046 concusso
654 1980 767 2065 stipite
783 1980 913 2046 frondes
927 2001 936 2062 ;

112 2083 185 2168 Ipsa
200 2085 315 2150 haeret
330 2085 471 2170 scopulis
486 2092 531 2169 et,
548 2092 712 2170 quantum
728 2085 849 2150 vertice
865 2085 907 2150 ad
922 2107 1016 2150 auras
1101 2084 1167 2152 445

111 2187 290 2275 Aetherias,
309 2197 443 2254 tantum
458 2190 565 2255 radice
581 2189 617 2254 in
633 2189 774 2254 Tartara
791 2189 917 2256 tendit:

112 2291 208 2359 Haud
224 2316 318 2360 secus
334 2293 471 2359 assiduis
486 2294 561 2358 hinc
579 2301 679 2379 atque
694 2293 770 2358 hinc
787 2294 919 2359 vocibus
935 2293 1027 2358 heros

113 2397 285 2483 Tunditur,
304 2407 338 2462 et
352 2419 471 2483 magno
487 2398 648 2484 persentit
664 2407 792 2484 pectore
808 2419 923 2481 curas;

113 2501 202 2568 Mens
216 2503 357 2568 immota
371 2512 495 2588 manet,
511 2503 665 2568 lacrimae
681 2503 856 2569 volvuntur
870 2504 990 2570 inanes.

175 2606 262 2671 Tum
278 2627 354 2672 vero
371 2603 485 2672 infeliri
499 2607 575 2672 fatis
592 2607 746 2672 exterrita
763 2607 850 2672 Dido

113 2707 247 2776 Mortem
262 2720 353 2795 orat3
381 2713 492 2777 taedet
508 2712 589 2777 coeli
604 2733 746 2776 convexa
761 2712 856 2778 tueri.

114 2813 179 2893 Quo
194 2818 300 2902 magis
315 2816 483 2903 inceptum
498 2823 634 2901 peragat
650 2817 821 2901 lucemque
837 2817 1012 2902 relinquat,

113 2916 214 3003 Vidit,
231 2920 416 2986 turicremis
432 2941 536 3004 quum
551 2921 637 2984 dona
651 2919 831 3004 imponeret
847 2921 939 3005 aris,-

113 3019 319 3089 Horrendum
336 3023 561 3088 dictu-latices
576 3025 753 3109 nigrescere
769 3046 884 3109 sacros,

112 3123 261 3212 Fusaque
280 3127 316 3191 in
331 3129 506 3192 obscenum
522 3147 556 3193 so
571 3137 695 3192 vertere
710 3129 786 3193 vina
803 3149 956 3194 cruorem.

113 3229 179 3295 Hoc
194 3232 306 3296 visum
321 3231 414 3316 nulli,
431 3253 496 3296 non
511 3232 575 3315 ipsi
590 3231 689 3297 effata
705 3231 812 3298 sorori.

113 3335 282 3401 Praeterea
297 3335 361 3400 fuit
378 3336 413 3400 in
429 3336 527 3403 tectis
542 3337 583 3401 ‹lc
599 3357 756 3401 marmore
772 3334 933 3420 templum

114 3439 265 3526 Oonjugis
281 3441 421 3525 antiqui,
438 3441 518 3506 miro
535 3443 622 3526 quod
637 3442 755 3506 honore
772 3439 909 3521 colebat,

114 3544 296 3610 Velleribus
311 3545 413 3611 niveis
429 3553 463 3610 et
478 3546 563 3611 festa
577 3545 689 3612 fronde
705 3545 909 3610 revinctum:

114 3648 197 3716 Hinc
214 3650 363 3717 exaudiri
378 3672 472 3716 voces
487 3659 521 3716 et
537 3652 634 3715 verba
649 3649 797 3714 vocantis

115 3752 191 3820 Visa
206 3756 279 3839 viri,
296 3775 361 3820 nox
377 3775 480 3838 quum
496 3763 598 3820 terras
614 3755 749 3819 obscura
765 3760 912 3836 teneret,

115 3857 249 3945 Solaque
266 3858 466 3924 culminibus
480 3858 575 3924 ferali
590 3859 732 3924 carmine
748 3858 835 3924 bubo

115 3963 213 4050 Saepe
228 3964 321 4050 queri
338 3971 371 4028 et
387 3964 501 4049 longas
515 3963 550 4028 in
566 3963 682 4028 fletum
696 3964 815 4029 ducere
831 3983 932 4030 voces.
