2838 4522
223 327 267 396 68
580 337 754 388 1111111666
776 337 841 387 rra.
865 339 915 386 111.

224 505 247 539 “
260 505 324 570 Per
338 522 469 589 superos
485 507 585 585 atque
600 499 661 564 boc
676 498 757 564 coeli
772 453 923 583 spirabile
939 497 1066 579 lunden,
1219 498 1285 564 600

224 607 378 674 “Tollite
394 627 456 690 me,
475 604 594 670 Teucri
608 610 616 672 6
642 623 864 688 quascumque
880 601 1034 668 abducite
1050 609 1171 668 terras:

224 712 330 778 “Hoc
347 723 398 778 sat
416 711 485 776 erit.
535 709 607 776 Scio
623 729 676 773 me
693 707 817 773 Danais
832 728 850 772 e
866 707 1024 772 classibus
1039 729 1156 793 unum,

224 815 246 850 “
258 817 305 882 Et
316 817 399 881 bello
416 815 535 881 Iliacos
550 814 656 879 fateor
670 811 803 899 petiisse
819 811 971 880 Penates.

223 922 245 956 “
258 923 322 988 Pro
337 941 411 1006 quo,
430 919 458 986 si
474 919 601 986 sceleris
616 926 712 983 tanta
727 925 777 983 est
791 916 911 1002 injuria
926 916 1038 1000 nostri,

223 1025 409 1113 “Spargite
424 1045 477 1089 me
492 1023 528 1089 in
543 1023 663 1088 fluctus
677 1031 836 1108 vastoque
851 1021 1037 1108 immergite
1054 1029 1179 1108 ponto:
1221 1024 1286 1087 605

223 1131 245 1164 “
258 1132 294 1198 si
308 1151 411 1217 pereo,
428 1129 599 1194 hominum
613 1128 765 1194 manibus
780 1127 912 1213 periisse
924 1127 1090 1212 juvabit.”

223 1237 371 1320 Dixerat,
389 1243 422 1300 et
438 1254 546 1320 genua
562 1233 733 1319 amplexus
749 1233 951 1319 genibusque
966 1233 1119 1298 volutans

223 1341 398 1407 Haerebat.
446 1339 511 1421 Qui
527 1339 580 1424 sit,
597 1338 669 1423 fari,
686 1357 751 1423 qno
767 1337 925 1424 sanguine
940 1346 1059 1420 cretus,

223 1447 403 1511 Hortamur
412 1466 422 1528 ;
446 1465 530 1530 quae
546 1443 662 1510 deinde
678 1443 782 1529 agitet
796 1442 928 1508 fortuna
944 1443 1050 1510 fateri.

116 1523 125 1540 .
223 1550 300 1637 Ipse
315 1557 409 1636 pater
423 1551 574 1614 dextram
589 1547 759 1632 Anchises,
776 1547 865 1612 haud
881 1548 989 1612 multa
1004 1556 1160 1631 moratus,
1221 1547 1286 1612 610

223 1656 292 1720 Dat
305 1655 427 1741 juveni,
445 1661 545 1739 atque
562 1653 709 1718 animum
725 1653 889 1739 praesenti
905 1653 1037 1738 pignore
1053 1651 1174 1718 firmet.

222 1760 283 1826 Ille
298 1761 389 1844 haec,
406 1758 553 1844 deposita
569 1759 706 1824 tandem
720 1758 902 1842 formidine,
918 1757 1029 1825 fatur:

223 1864 244 1897 “
260 1865 341 1931 Sum
357 1864 464 1950 patria
479 1885 520 1928 ex
535 1863 664 1948 Ithaca,
681 1883 787 1930 comes
802 1863 938 1928 infelicis
955 1861 1060 1947 Ulixi,

223 1968 244 2002 “
256 1969 387 2035 Nomen
401 1967 648 2051 Achemenides,
667 1968 809 2053 Trojam,
827 1969 971 2053 genitore
986 1968 1171 2034 Adamasto

223 2072 245 2107 “
258 2073 660 2160 Paupere-mansissetque
675 2073 807 2138 utinam
821 2073 953 2138 fortuna
967 2079 1005 2158 !-,
1022 2073 1200 2159 profectus.
1221 2075 1287 2140 615

223 2178 321 2244 “Hic
337 2200 403 2262 me,
420 2179 501 2244 dum
516 2179 634 2264 trepidi
649 2177 792 2244 crudelia
807 2178 923 2244 limina
937 2179 1104 2264 linquunt,

223 2281 469 2350 “Immemores
485 2283 562 2348 socii
576 2291 669 2348 vasto
686 2283 838 2369 Cyclopis
853 2283 889 2348 in
904 2292 1000 2349 antro

222 2387 446 2454 “Deseruere
495 2387 620 2452 Domus
636 2387 724 2452 sanie
739 2387 944 2473 dapibusque
958 2389 1113 2471 cruentis,

223 2491 355 2558 “Intus
370 2513 483 2578 opaca,
499 2491 620 2578 ingens.
667 2493 744 2577 Ipse
760 2493 891 2576 arduus,
908 2494 1042 2575 altaque
1058 2494 1171 2578 pulsat

212 2595 244 2646 t‘
258 2595 429 2681 Sideradi,
447 2595 551 2660 talem
566 2596 659 2661 terris
675 2597 814 2662 avertite
830 2605 957 2682 pestem
968 2603 995 2665 1-
1219 2600 1287 2664 620

223 2700 244 2734 “
256 2701 326 2766 Nec
341 2701 414 2767 visu
428 2699 533 2766 facilis
548 2721 606 2766 neo
624 2701 718 2768 dictu
732 2701 871 2768 affabilis
886 2703 954 2769 ulli.

223 2805 444 2872 “Visceribus
459 2804 651 2870 miserorum
666 2814 700 2871 et
716 2807 873 2894 sanguine
888 2807 1030 2872 vescitur
1045 2816 1123 2874 atro.

222 2910 338 2976 “Vidi
354 2917 493 2997 egomet,
510 2912 575 2976 duo
590 2912 631 2977 de
646 2933 781 2977 numero
798 2933 902 2998 quum
917 2935 1049 3000 corpora
1066 2921 1175 2978 nostro

222 3013 243 3047 “
257 3015 379 3080 Prensa
393 3035 496 3080 11161111
510 3035 631 3101 magna
646 3016 753 3081 medio
768 3017 942 3103 resupinus
957 3016 993 3081 in
1009 3025 1103 3082 antro

221 3118 242 3152 “
258 3119 437 3206 Frangeret
453 3120 496 3184 ad
511 3140 639 3204 saxum,
657 3120 809 3206 sanieque
825 3141 976 3206 exspersa
989 3129 1144 3186 natarent
1215 3123 1284 3188 625

221 3223 243 3257 “
255 3224 410 3306 Limina;
435 3223 511 3308 vidi,
529 3231 599 3288 atro
616 3245 721 3309 quum
737 3226 882 3290 membra
897 3225 1035 3290 fluentia
1051 3225 1130 3290 tabo

221 3329 242 3362 “
255 3330 436 3414 Manderet‚
454 3339 488 3394 et
503 3323 609 3415 tepidi
623 3337 800 3396 tremerent
816 3331 876 3396 sub
892 3331 1048 3396 dentibus
1063 3338 1165 3396 artus.

221 3433 243 3467 “
254 3433 355 3498 Haud
370 3433 504 3518 impune
518 3433 671 3518 quidem;
695 3455 756 3498 1166
772 3433 852 3499 talia
867 3455 981 3520 passus
998 3434 1128 3515 Ulixes,

221 3539 243 3573 “
256 3539 427 3606 Oblitusve
443 3538 494 3604 sui
509 3547 558 3604 est
575 3538 712 3604 Ithacus
727 3539 912 3604 discrimine
928 3546 1031 3604 tanto.

220 3645 342 3710 “Nam
358 3644 466 3728 simul,
484 3645 635 3730 expletus
650 3645 788 3730 dapibus
803 3645 943 3729 vinoque
960 3643 1119 3729 sepultus,
1215 3643 1283 3708 630

165 3787 172 3800 ·
222 3750 243 3784 “
259 3749 425 3816 Oervioem
439 3749 594 3814 inflexam
610 3750 732 3836 posuit,
745 3749 916 3834 jacuitque
932 3771 988 3834 per
1003 3755 1136 3812 antrum

221 3856 241 3890 “
254 3857 450 3940 Immensus,
468 3855 593 3921 saniem
608 3863 758 3920 eructans
774 3862 808 3920 et
822 3853 927 3920 frusta
943 3861 1077 3918 cruento

221 3962 318 4026 “Per
332 3981 483 4028 somnum
499 3959 678 4025 commixta
692 3979 801 4027 mero:
825 3981 896 4042 1166,
914 3979 1035 4044 magna
1050 3957 1175 4044 precati
