2944 4522
545 311 715 359 unnmnos
740 313 805 360 nra.
830 313 877 361 11.
1179 293 1244 358 203

181 475 298 563 Atque
314 474 463 542 animum
477 471 607 559 patriae
624 443 758 538 striniit
775 471 910 558 pietatis
925 470 1042 558 imago.

180 582 271 647 Tum
287 581 332 646 sic
349 577 491 646 effatur:
1178 579 1243 644 295

181 687 203 718 “
217 687 348 772 Sponde
364 685 463 770 digna
478 681 547 748 tuis
562 680 751 767 ingentibus
766 679 876 746 omnia
891 681 1037 767 coeptis:

182 790 371 874 “Namque
387 788 449 854 erit
464 787 529 852 ista
543 785 624 850 mihi
639 785 797 870 genetrirr,
815 807 997 872 nomenque
1014 785 1154 852 Creusae

182 893 204 928 “
220 894 335 961 Solum
349 891 499 975 defuerit,
516 911 576 955 nec
591 896 726 976 partum
742 891 849 975 gratia
865 891 967 956 talem

180 997 204 1032 “
218 999 326 1063 Parva
340 1005 462 1064 manet.
511 995 613 1062 Oasus
627 995 757 1060 factum
772 995 971 1079 quicumque
987 1003 1182 1080 sequentur3

179 1101 204 1138 “
217 1104 283 1168 Per
298 1109 399 1188 caput
411 1101 472 1166 hoc
485 1099 569 1185 juro,
585 1120 644 1185 per
659 1099 746 1184 quod
762 1107 855 1184 pater
869 1108 947 1164 ante
963 1100 1106 1167 solebat:
1176 1102 1242 1165 300

179 1207 204 1243 “
218 1210 310 1290 Quae
325 1208 387 1273 tibi
401 1206 553 1292 polliceor
568 1205 678 1270 reduci
692 1205 852 1289 rebusque
870 1205 1032 1289 secundia,

180 1313 309 1378 “Haec
325 1313 439 1377 eadem
454 1309 618 1393 matrique
634 1316 712 1374 tuae
727 1309 901 1395 generique
916 1310 1129 1376 manebunt.”

180 1417 236 1484 Sic
252 1417 300 1481 ait
315 1415 535 1495 illacrimans;
560 1413 693 1478 humero
710 1414 809 1479 simul
825 1413 916 1478 exuit
932 1435 1041 1479 ensem

180 1523 360 1605 Auratum,
377 1520 461 1585 mira
476 1540 576 1604 quem
591 1519 713 1583 fecerat
728 1527 797 1584 arte
813 1519 945 1604 Lycaon

179 1625 323 1691 Gnosius
336 1633 437 1709 atque
452 1623 597 1688 habilem
612 1623 731 1709 vagina
746 1630 878 1709 aptarat
895 1624 1026 1691 eburna.
1174 1625 1240 1689 305

180 1729 251 1794 Dat
267 1728 348 1794 Niso
365 1728 559 1792 Mnestheus
575 1727 695 1812 pellem
709 1727 933 1812 horrentisque
948 1728 1050 1794 lconis

180 1829 349 1920 Exuvias[;
374 1834 503 1919 galeam
519 1833 606 1898 fidus
622 1841 792 1918 permutat
808 1833 932 1900 Aletes.

181 1938 343 2002 Protenus
359 1936 478 2002 armati
493 1935 669 2018 incedunt;
695 1957 775 2020 quos
790 1935 894 2000 omnis
911 1943 1027 2000 euntes

181 2042 366 2108 Primorum
381 2062 498 2106 manus
513 2042 556 2106 ad
571 2048 690 2126 portas,
703 2039 930 2125 juvenumque
947 2059 1139 2124 senumque,

179 2145 395 2232 Prosequitur
409 2145 502 2212 votis.
550 2144 620 2210 Nec
638 2167 704 2210 non
720 2153 753 2208 et
770 2143 904 2229 pulcher
920 2143 1027 2227 Iulus,
1173 2144 1239 2206 310

179 2259 270 2317 Ante
286 2271 389 2316 annos
405 2249 616 2334 animumque
632 2270 746 2335 gerens
762 2269 937 2332 curamque
953 2246 1090 2348 virileyn,

179 2355 290 2420 Multa
305 2352 392 2439 patri
406 2353 563 2418 mandata
578 2353 681 2417 dabat
697 2352 866 2437 portanda.
915 2351 978 2417 Sed
994 2371 1091 2416 aurae

179 2460 300 2527 Omnia
315 2459 504 2544 discerpunt
520 2464 553 2522 et
570 2457 712 2522 nubibus
727 2457 820 2522 irrita
836 2457 970 2524 donant.

245 2564 377 2650 Egressi
392 2571 548 2649 superant
562 2562 674 2646 fossas,
692 2562 861 2648 noctisque
879 2582 935 2648 per
950 2562 1102 2627 umbram

180 2669 298 2735 Castra
312 2668 445 2734 inimica
459 2673 591 2753 petunt,
609 2666 724 2731 multis
741 2673 853 2730 tamen
869 2674 946 2730 ante
961 2665 1067 2730 futuri
1173 2666 1239 2731 315

177 2773 300 2839 Exitio.
347 2772 476 2840 Passim
493 2793 604 2837 somno
619 2771 759 2856 vinoque
775 2793 832 2856 per
847 2771 982 2836 herbam

179 2880 323 2966 Corpora
337 2879 411 2945 fusa
427 2879 551 2962 vident,
569 2886 709 2942 arrectos
723 2878 818 2942 litore
834 2899 959 2960 currus,

177 2985 271 3050 Inter
284 2985 353 3049 lora
368 2990 520 3068 rotasque
536 2983 631 3067 viros,
650 2983 748 3048 simul
763 3005 854 3046 arma
866 2982 982 3066 jacere,

177 3089 267 3154 Vina
283 3089 389 3155 simul.
437 3087 530 3152 Prior
545 3087 740 3172 Hyrtacides
757 3087 802 3152 sic
818 3108 870 3152 ore
885 3088 1035 3152 locutus:

179 3194 202 3227 “
216 3194 368 3277 Euryale,
386 3193 576 3258 audendum
592 3192 727 3257 dextra:
753 3213 840 3256 nunc
856 3192 929 3276 ipsa
945 3197 1039 3254 vocat
1056 3209 1113 3252 res.
1173 3188 1239 3250 320

178 3299 200 3333 “
212 3299 286 3364 Hac
301 3298 365 3363 iter
379 3304 450 3364 est:
475 3305 524 3380 tu,
541 3317 582 3361 ne
598 3317 663 3381 qua
678 3317 796 3361 manus
812 3316 845 3360 se
862 3293 1012 3358 attollere
1028 3290 1119 3356 nobis

178 3405 248 3469 “A
263 3412 356 3490 tergo
371 3403 484 3488 possit,
501 3401 629 3467 custodi
644 3409 678 3466 et
694 3400 824 3466 consule
839 3400 954 3484 longe;

178 3509 202 3542 “
214 3508 307 3573 Haec
324 3528 384 3593 ego
400 3514 495 3572 vasta
511 3506 605 3590 dabo,
624 3513 657 3570 et
673 3506 742 3570 lato
757 3511 791 3568 te
806 3502 913 3567 limite
929 3501 1081 3566 ducam.”

180 3613 234 3679 Sic
250 3618 422 3693 memorat,
439 3631 616 3694 vocemque
632 3608 753 3694 premit
767 3629 775 3688 ;
801 3606 898 3672 simul
914 3626 990 3670 ense
1006 3605 1185 3691 superbum

178 3718 400 3782 Rhamnetem
416 3715 613 3801 aggreditur,
631 3714 689 3798 qui
703 3711 785 3776 forte
802 3711 968 3796 tapetibus
983 3711 1060 3777 altis
1171 3709 1238 3775 325

177 3820 380 3887 Exstructus
395 3827 466 3885 toto
483 3819 644 3905 proflabat
660 3823 789 3902 pectore
806 3837 967 3900 somnum,

179 3925 251 3992 Rex
267 3927 353 3992 idem
371 3934 404 3990 et
420 3924 490 4009 regi
506 3923 618 3988 Turno
634 3921 840 4009 gratissimus
855 3941 979 4008 augur3
