2944 4522
258 313 326 380 214
612 331 783 380 smarnos
806 332 870 380 nra.
896 331 952 378 ιχ.-

260 493 410 573 Quantus
426 492 468 557 ab
483 511 599 558 occasu
613 491 745 558 veniens
760 491 959 577 pluvialibus
975 489 1100 556 Haedis

259 596 418 662 Verberat
433 597 536 662 imber
550 596 700 678 humum,
719 617 820 680 quam
837 596 945 661 multa
960 595 1120 680 grandine
1136 594 1241 661 nimbi

259 702 301 767 In
316 702 400 767 vada
415 700 643 787 praecipitant,
661 721 765 784 quum
779 699 913 785 Jupiter
928 699 1075 764 horridus
1091 697 1224 764 Austris
1253 700 1320 765 670

261 805 405 889 Torquet
421 826 578 890 aquosam
592 804 735 868 hiemem
750 812 783 868 et
799 804 885 868 coelo
902 825 981 868 cava
996 803 1109 868 nubila
1124 802 1258 888 rumpit.

327 910 498 974 Pandarus
513 916 547 974 et
565 908 681 992 Bitias,
698 907 972 973 Idaeo-Alcanore
989 907 1080 992 creti,

261 1015 349 1096 Quos
363 1013 388 1078 J
389 1013 456 1079 ovis
472 1012 586 1079 eduxit
601 1012 676 1078 luco
692 1012 850 1078 silvestris
865 1013 961 1078 Iaera

261 1117 436 1186 Abietibus
448 1117 583 1203 juvenes
599 1117 714 1203 patriis
730 1124 764 1182 et
779 1117 949 1183 montibus
964 1138 1096 1204 aequos,

261 1225 406 1308 Portam,
424 1244 507 1309 quae
523 1223 614 1289 ducis
629 1223 765 1308 imperio
781 1223 963 1309 commissa,
981 1224 1167 1308 recludunt,
1254 1220 1320 1291 675

259 1329 352 1394 Freti
367 1329 477 1413 armis,
493 1328 642 1413 ultroque
658 1327 802 1392 invitant
818 1329 988 1394 moenibus
1003 1329 1140 1396 hostem.

260 1436 332 1522 lpsi
346 1435 438 1500 intus
453 1435 569 1499 dextra
585 1456 624 1499 ac
640 1435 734 1500 laeva
749 1457 807 1520 pro
822 1435 968 1500 turribus
984 1436 1129 1520 adstant,

262 1541 393 1606 Armati
407 1540 488 1606 ferro
504 1547 538 1604 et
555 1539 659 1604 cristis
675 1539 786 1626 capita
802 1540 871 1604 alta
887 1539 1020 1626 corusci,

158 1700 161 1710 .
261 1646 381 1726 Quales
396 1645 504 1710 aeriae
520 1643 680 1730 liquentia
694 1643 833 1708 flumina
849 1644 985 1728 circum,

262 1751 336 1818 Sive
352 1749 438 1815 Padi
453 1749 541 1835 ripis,
559 1747 712 1814 Athesim
728 1770 786 1814 seu
801 1755 934 1835 propter
949 1769 1133 1833 amoenum,
1256 1749 1324 1816 680

262 1855 471 1942 Consurgunt
488 1853 636 1941 geminae
652 1874 800 1939 quercus,
816 1854 1011 1939 intonsaque
1027 1855 1114 1920 coelo

261 1959 435 2025 Attollunt
451 1958 562 2045 capita
577 1965 610 2024 et
627 1959 759 2024 sublimi
773 1958 893 2024 vertice
908 1967 1041 2026 nutant.

263 2064 469 2150 Irrumpunt,
486 2063 597 2128 aditus
613 2063 731 2128 Rutuli
745 2069 784 2128 ut
800 2063 908 2128 videre
924 2070 1086 2148 patentes.

262 2169 425 2235 Continuo
442 2169 604 2250 Quercens
620 2176 653 2232 et
668 2168 803 2253 pulcher
818 2167 1000 2252 Aquicolus
1016 2168 1114 2234 armis

260 2273 308 2338 Et
324 2294 476 2359 praeceps
492 2271 594 2336 animi
610 2271 751 2337 Tmarus
766 2281 799 2337 et
816 2272 997 2339 Mavortius
1013 2273 1164 2338 Haemon
1255 2274 1325 2340 685

260 2377 460 2462 Agminibus
476 2375 557 2440 totis
573 2382 633 2440 aut
647 2375 730 2440 versi
746 2383 838 2461 terga
853 2377 979 2461 dedere,

260 2481 334 2546 Aut
350 2481 419 2566 ipso
435 2487 549 2565 portae
564 2501 698 2564 posuere
714 2480 750 2544 in
764 2480 876 2545 limine
893 2482 1008 2548 vitam.

262 2585 349 2649 Tum
365 2584 471 2670 magis
486 2583 671 2649 increscunt
686 2585 803 2650 animis
819 2585 1018 2652 discordibus
1034 2587 1112 2672 irae,

261 2689 307 2753 Et
319 2689 390 2774 jam
406 2688 536 2754 collecti
553 2688 651 2754 Troes
667 2690 891 2775 glomerantur
906 2693 1031 2777 eodem,

260 2794 307 2857 Et
323 2793 465 2858 conferre
481 2801 666 2858 manumet
682 2817 865 2879 procurrere
880 2797 1008 2883 longius
1023 2798 1154 2864 audent.
1258 2799 1325 2865 690

262 2897 400 2962 Ductori
416 2897 539 2982 Turno,
556 2897 682 2963 diversa
697 2899 732 2962 in
748 2907 842 2984 parte
857 2900 983 2966 furenti

263 3003 489 3087 Turbantiqne
504 3003 597 3088 viros,
615 3003 774 3088 perfertur
788 3007 936 3091 nuntius,
954 3008 1082 3073 hostem

260 3108 398 3173 Fervere
415 3109 514 3174 caede
529 3131 612 3173 nova
628 3116 662 3173 et
677 3117 788 3194 portas
803 3113 953 3196 praebere
968 3121 1129 3199 patentes.

263 3214 393 3279 Deserit
407 3214 577 3300 inceptum
592 3222 694 3299 atque
709 3214 848 3281 immani
863 3219 1012 3284 concitus
1028 3219 1076 3285 ira

262 3321 463 3386 Dardaniam
479 3320 545 3384 ruit
560 3321 603 3384 ad
618 3327 747 3406 portam
761 3321 940 3408 fratresque
956 3327 1117 3411 superbos.
1258 3333 1324 3396 695

260 3425 307 3489 Et
323 3425 467 3509 primum
482 3424 701 3510 Antiphaten,
718 3425 746 3490 is
762 3427 849 3490 enim
865 3450 898 3493 se
913 3429 1038 3514 primus
1054 3431 1186 3517 agebat,

262 3528 419 3593 Thebana
435 3530 475 3594 de
490 3537 596 3594 matre
611 3529 752 3593 nothum
770 3531 963 3617 Sarpedonis
979 3535 1049 3619 alti,

262 3631 415 3717 Oonjecto
431 3634 547 3698 sternit
558 3632 686 3718 jaculo:
711 3635 800 3699 volat
817 3636 905 3702 Itala
921 3660 1037 3705 cornus

261 3734 351 3803 Abra
366 3756 424 3820 per
438 3743 597 3820 tenerum,
616 3737 847 3822 stomachoque
862 3741 964 3806 infixa
981 3744 1040 3808 sub
1056 3745 1163 3810 altum

262 3839 383 3904 Pectus
399 3838 490 3920 abit;
515 3841 621 3904 reddit
637 3861 750 3926 specus
766 3843 829 3908 atri
844 3845 985 3910 vulneris
1000 3849 1124 3914 undam
1255 3851 1324 3921 700

263 3943 493 4027 Spumantem,
511 3950 544 4008 et
560 3943 625 4010 fixo
640 3943 761 4010 ferrum
776 3945 812 4010 in
828 3948 981 4033 pulmone
998 3953 1144 4036 tepescit.
