2944 4522
522 317 692 367 alumnos
714 319 779 366 LIB.
805 319 851 366 IX.

162 479 185 514 “
196 480 384 562 Procurate,
402 477 474 562 viri,
493 484 526 542 11
543 499 690 564 pugnem
706 485 832 564 sperate
848 479 987 564 pareri.'’

161 585 294 648 Interea
310 583 448 668 vigilum
463 582 609 647 excubiis
624 583 768 648 obsidere
783 591 892 668 portas

163 689 253 754 Oura
269 689 367 752 datur
384 685 546 772 Messapo,
564 694 597 750 et
613 687 742 752 moenia
757 687 883 773 cingere
898 687 1047 754 flammis.
1161 688 1226 753 160

165 793 222 861 Bis
239 800 366 877 septem
382 791 511 874 Rutuli,
528 812 636 856 muros
652 791 710 876 qui
724 791 830 856 milite
846 799 986 875 servent,

165 897 316 979 Deleeti;
341 903 393 960 ast
408 895 480 960 illos
495 895 627 960 centeni
642 916 804 980 quemque
821 903 1005 980 sequuntur

165 1000 330 1086 Purpurei
344 1000 450 1065 cristis
462 999 598 1084 juvenes
614 1020 756 1092 quroque
772 1001 903 1066 corusci.

165 1106 374 1188 Discurrunt,
391 1103 585 1189 varientque
600 1103 697 1188 vices,
713 1104 846 1189 fusique
859 1126 916 1190 per
929 1105 1065 1170 herbam

165 1211 346 1296 Indulgent
361 1210 447 1293 vino,
465 1216 499 1275 et
515 1217 649 1274 vertunt
664 1218 806 1276 crateras
822 1210 951 1276 ahenos.
1162 1213 1226 1277 165

165 1319 339 1385 Oollucent
354 1315 445 1401 ignes
459 1335 469 1399 ;
493 1324 625 1381 noctem
644 1317 793 1382 custodia
808 1317 901 1382 ducit

165 1425 355 1488 Insomnem
369 1423 456 1488 ludo,

233 1527 326 1592 Haec
343 1548 439 1613 super
454 1548 471 1592 e
488 1527 573 1592 vallo
589 1535 800 1613 prospectant
817 1526 921 1593 Troes
936 1535 969 1593 et
985 1528 1083 1593 ermis

164 1633 250 1699 Alta
265 1639 394 1716 tenent,
410 1653 469 1697 nec
485 1653 550 1697 non
565 1631 685 1716 trepidi
699 1632 869 1698 formidine
885 1641 996 1719 portas
1151 1681 1153 1686 -

165 1739 367 1825 Explorant,
384 1742 565 1822 pontesque
581 1743 615 1801 et
631 1738 876 1822 propugnacula
887 1737 1044 1823 jungunt,
1135 1807 1139 1816 ,
1162 1734 1227 1805 170

167 1843 249 1908 Τ111
263 1849 392 1929 gerunt.
440 1842 573 1906 Instant
590 1841 779 1907 Mnestheus
797 1863 934 1927 acerque
951 1843 1110 1928 Serestus,

168 1947 256 2028 Quos
271 1953 366 2032 pater
380 1944 520 2029 Aeneas,
538 1945 566 2010 si
581 1946 711 2029 quando
729 1947 860 2011 adversa
875 1953 1039 2030 vocarent,

168 2051 323 2116 Rectores
335 2049 496 2135 juvenum
512 2057 545 2114 11
562 2071 668 2114 rerum
683 2050 775 2115 dedit
791 2072 859 2114 esse
875 2050 1056 2136 magistros.
1163 2135 1165 2142 Ι

168 2157 285 2223 Omnis
300 2179 358 2243 per
373 2177 481 2221 muros
496 2156 589 2241 legio,
607 2155 722 2220 sortita
737 2155 905 2240 periclum,

132 2340 143 2362 ⁸
168 2262 325 2327 Excubat
342 2268 534 2345 exercetque
550 2260 646 2344 vices,
664 2261 752 2346 quod
768 2259 885 2344 cuique
901 2261 1063 2325 tuendum
1079 2267 1137 2326 est.
1164 2258 1227 2329 175

168 2367 272 2432 Nisus
288 2373 358 2430 erat
373 2373 486 2451 portae
503 2372 622 2449 custos,
639 2365 814 2430 acerrimus
829 2363 939 2448 armis,

169 2471 377 2556 Hyrtacides,
395 2470 549 2535 comitem
566 2470 697 2534 Aeneae
713 2491 811 2554 quem
827 2469 959 2535 miserat
976 2470 1037 2536 Ide

170 2575 343 2659 Venatrix,
356 2573 467 2660 jaculo
483 2575 620 2640 celerem
636 2575 826 2659 levibusque
841 2574 990 2660 sagittis3

170 2683 217 2746 Et
229 2681 330 2765 juxta
346 2701 452 2745 comes
467 2679 640 2764 Euryalus,
659 2701 723 2764 quo
739 2679 902 2765 pulchrior
916 2681 1000 2746 alter

171 2787 248 2850 Non
261 2786 327 2850 fuit
344 2786 548 2869 Aeneadum,
567 2785 707 2870 Trojano
723 2806 827 2870 neque
843 2785 952 2850 induit
968 2809 1069 2872 arma,
1164 2788 1228 2852 180

173 2891 240 2958 Ora
256 2912 338 2977 puer
353 2891 457 2976 prima
474 2891 605 2976 signans
620 2890 751 2955 intonsa
762 2889 908 2975 juventa.

172 2997 234 3060 His
251 3017 341 3060 emor
355 3017 441 3060 unus
456 3001 537 3079 eret,
553 2994 738 3080 pariterque
755 2995 890 3060 inbelle
906 2996 1063 3078 ruebant;

172 3101 260 3164 Tum
276 3119 403 3184 quoque
420 3099 585 3164 communi
600 3106 729 3183 portam
745 3099 1066 3188 stationetenebant.

171 3204 274 3270 Nisus
290 3205 359 3272 ait:
387 3202 408 3235 “
421 3204 506 3268 Dine
521 3203 609 3268 hunc
625 3205 770 3269 ardorem
785 3204 951 3269 mentibus
967 3204 1105 3286 addunt,

173 3308 194 3341 “
205 3309 359 3393 Euryale,
377 3330 419 3373 an
435 3329 494 3373 sua
511 3307 628 3392 cuique
644 3309 723 3373 deus
738 3309 777 3374 fit
794 3309 865 3374 dira
882 3309 1028 3393 cupido?
1167 3310 1230 3376 185

172 3412 280 3478 “Aut
296 3433 442 3499 pugnam
457 3419 517 3477 aut
533 3412 659 3496 aliquid
669 3411 740 3496 jam
756 3413 883 3478 dudum
893 3412 1044 3477 invadere
1060 3432 1217 3500 magnum

172 3517 299 3582 “Mens
316 3516 422 3602 agitat
437 3515 529 3599 mihi,
546 3537 605 3581 neo
621 3515 750 3601 placida
766 3523 922 3581 contenta
937 3516 1046 3600 quiete
1062 3525 1120 3585 est.

173 3620 195 3654 “
211 3621 334 3704 Cernis,
353 3641 436 3705 quae
453 3621 594 3686 Rutulos
609 3620 729 3685 habeat
745 3618 866 3683 fiducie
881 3641 997 3688 rerum.

173 3724 196 3758 “
209 3725 355 3790 Lumina
371 3746 442 3789 rara
459 3725 596 3808 micant,
614 3745 725 3789 somno
743 3722 880 3807 vinoque
897 3725 996 3790 soluti

173 3831 425 3914 “Procubuere,
442 3830 540 3896 silent
554 3830 623 3894 late
638 3829 717 3895 loca.
765 3827 900 3914 Percipe
916 3853 1016 3916 porro,
1071 3901 1076 3909 ,
1170 3833 1234 3898 190

174 3936 195 3970 “
209 3939 298 4020 Quid
310 3935 471 4020 dubitem,
488 3942 521 4001 et
538 3955 621 4018 quae
637 3957 724 4001 nunc
741 3934 849 4000 animo
866 3938 1029 4003 sententia
1044 3943 1165 4020 surgat.
