<?xml version="1.0" encoding="UTF-8"?>
<!DOCTYPE html PUBLIC "-//W3C//DTD XHTML 1.0 Transitional//EN"
    "http://www.w3.org/TR/xhtml1/DTD/xhtml1-transitional.dtd">
<html xmlns="http://www.w3.org/1999/xhtml" xml:lang="en" lang="en">
 <head>
  <title>
</title>
<meta http-equiv="Content-Type" content="text/html;charset=utf-8" />
  <meta name='ocr-system' content='tesseract 3.04.00' />
  <meta name='ocr-capabilities' content='ocr_page ocr_carea ocr_par ocr_line ocrx_word'/>
</head>
<body>
  <div class='ocr_page' id='page_1' title='image "./virgilsaeneidwi00virggoog_0321.png"; bbox 0 0 2922 4516; ppageno 0'>
   <div class='ocr_carea' id='block_1_1' title="bbox 503 318 846 392">
    <p class='ocr_par' dir='ltr' id='par_1_1' title="bbox 503 318 846 392">
     <span class='ocr_line' id='line_1_1' title="bbox 503 318 846 392; baseline 0.006 -26"><span class='ocrx_word' id='word_1_1' title='bbox 503 318 673 392; x_wconf 73' lang='lat' dir='ltr'><strong>susurros</strong></span> <span class='ocrx_word' id='word_1_2' title='bbox 695 320 760 368; x_wconf 81' lang='lat' dir='ltr'><strong>ma.</strong></span> <span class='ocrx_word' id='word_1_3' title='bbox 786 320 846 370; x_wconf 88' lang='lat' dir='ltr'><strong>xrr.</strong></span> 
     </span>
    </p>
   </div>
   <div class='ocr_carea' id='block_1_2' title="bbox 144 464 1209 984">
    <p class='ocr_par' dir='ltr' id='par_1_2' title="bbox 144 464 1044 564">
     <span class='ocr_line' id='line_1_2' title="bbox 144 464 1044 564; baseline -0.002 -17"><span class='ocrx_word' id='word_1_4' title='bbox 144 464 394 547; x_wconf 81' lang='lat' dir='ltr'><strong>Conscendebat</strong></span> <span class='ocrx_word' id='word_1_5' title='bbox 409 498 518 562; x_wconf 90' lang='lat' dir='ltr'><strong>equos,</strong></span> <span class='ocrx_word' id='word_1_6' title='bbox 535 477 641 564; x_wconf 84' lang='lat' dir='ltr'><strong>patrio</strong></span> <span class='ocrx_word' id='word_1_7' title='bbox 656 499 809 544; x_wconf 89' lang='lat' dir='ltr'><strong>mucrone</strong></span> <span class='ocrx_word' id='word_1_8' title='bbox 824 478 947 563; x_wconf 90' lang='lat' dir='ltr'><strong>relicto,</strong></span> <span class='ocrx_word' id='word_1_9' title='bbox 1041 495 1044 502; x_wconf 80' lang='grc'>’</span> 
     </span>
    </p>

    <p class='ocr_par' dir='ltr' id='par_1_3' title="bbox 145 582 1013 670">
     <span class='ocr_line' id='line_1_3' title="bbox 145 582 1013 670; baseline -0.002 -20"><span class='ocrx_word' id='word_1_10' title='bbox 145 586 237 650; x_wconf 88' lang='lat' dir='ltr'><strong>Dum</strong></span> <span class='ocrx_word' id='word_1_11' title='bbox 253 583 408 670; x_wconf 73' lang='lat' dir='ltr'><strong>trepidat,</strong></span> <span class='ocrx_word' id='word_1_12' title='bbox 424 582 547 648; x_wconf 85' lang='lat' dir='ltr'><strong>ferrum</strong></span> <span class='ocrx_word' id='word_1_13' title='bbox 562 582 692 668; x_wconf 84' lang='lat' dir='ltr'>aurigae</span> <span class='ocrx_word' id='word_1_14' title='bbox 707 583 850 668; x_wconf 81' lang='lat' dir='ltr'>rapuisse</span> <span class='ocrx_word' id='word_1_15' title='bbox 868 582 1013 667; x_wconf 89' lang='lat' dir='ltr'><strong>Matisoi;</strong></span> 
     </span>
    </p>

    <p class='ocr_par' dir='ltr' id='par_1_4' title="bbox 144 687 992 774">
     <span class='ocr_line' id='line_1_4' title="bbox 144 687 992 774; baseline -0.001 -19"><span class='ocrx_word' id='word_1_16' title='bbox 144 690 253 774; x_wconf 91' lang='lat' dir='ltr'><strong>quue</strong></span> <span class='ocrx_word' id='word_1_17' title='bbox 269 687 337 772; x_wconf 89' lang='lat' dir='ltr'><strong>diu,</strong></span> <span class='ocrx_word' id='word_1_18' title='bbox 353 689 435 753; x_wconf 91' lang='lat' dir='ltr'><strong>dum</strong></span> <span class='ocrx_word' id='word_1_19' title='bbox 450 694 542 773; x_wconf 88' lang='lat' dir='ltr'><strong>terga</strong></span> <span class='ocrx_word' id='word_1_20' title='bbox 557 687 682 753; x_wconf 87' lang='lat' dir='ltr'><strong>dabant</strong></span> <span class='ocrx_word' id='word_1_21' title='bbox 696 688 846 774; x_wconf 87' lang='lat' dir='ltr'><strong>palantia</strong></span> <span class='ocrx_word' id='word_1_22' title='bbox 862 689 992 774; x_wconf 80' lang='lat' dir='ltr'>Teucri,</span> 
     </span>
    </p>

    <p class='ocr_par' dir='ltr' id='par_1_5' title="bbox 147 791 1209 984">
     <span class='ocr_line' id='line_1_5' title="bbox 147 791 1151 879; baseline -0.003 -18"><span class='ocrx_word' id='word_1_23' title='bbox 147 793 307 875; x_wconf 79' lang='lat' dir='ltr'><strong>Suffecit3</strong></span> <span class='ocrx_word' id='word_1_24' title='bbox 331 799 509 879; x_wconf 79' lang='lat' dir='ltr'><strong>postquam</strong></span> <span class='ocrx_word' id='word_1_25' title='bbox 524 813 615 857; x_wconf 92' lang='lat' dir='ltr'><strong>arma</strong></span> <span class='ocrx_word' id='word_1_26' title='bbox 630 791 684 857; x_wconf 92' lang='lat' dir='ltr'><strong>dei</strong></span> <span class='ocrx_word' id='word_1_27' title='bbox 699 793 744 858; x_wconf 81' lang='lat' dir='ltr'><strong>ad&#39;</strong></span> <span class='ocrx_word' id='word_1_28' title='bbox 758 791 922 858; x_wconf 81' lang='lat' dir='ltr'><strong>Vulcania</strong></span> <span class='ocrx_word' id='word_1_29' title='bbox 937 800 1075 858; x_wconf 89' lang='lat' dir='ltr'><strong>ventum</strong></span> <span class='ocrx_word' id='word_1_30' title='bbox 1091 801 1151 877; x_wconf 89' lang='lat' dir='ltr'><strong>est,</strong></span> 
     </span>
     <span class='ocr_line' id='line_1_6' title="bbox 147 893 1209 984; baseline -0.002 -20"><span class='ocrx_word' id='word_1_31' title='bbox 147 899 297 965; x_wconf 83' lang='lat' dir='ltr'><strong>Mortalis</strong></span> <span class='ocrx_word' id='word_1_32' title='bbox 312 919 435 983; x_wconf 90' lang='lat' dir='ltr'><strong>mucro,</strong></span> <span class='ocrx_word' id='word_1_33' title='bbox 452 897 569 984; x_wconf 83' lang='lat' dir='ltr'><strong>glacies</strong></span> <span class='ocrx_word' id='word_1_34' title='bbox 585 918 645 963; x_wconf 87' lang='lat' dir='ltr'><strong>ceu</strong></span> <span class='ocrx_word' id='word_1_35' title='bbox 660 896 778 981; x_wconf 84' lang='lat' dir='ltr'><strong>futilis,</strong></span> <span class='ocrx_word' id='word_1_36' title='bbox 795 897 867 962; x_wconf 91' lang='lat' dir='ltr'><strong>ictu</strong></span> <span class='ocrx_word' id='word_1_37' title='bbox 1143 893 1209 965; x_wconf 79' lang='lat'><strong>740</strong></span> 
     </span>
    </p>
   </div>
   <div class='ocr_carea' id='block_1_3' title="bbox 63 1000 1212 3904">
    <p class='ocr_par' dir='ltr' id='par_1_6' title="bbox 149 1000 1027 1087">
     <span class='ocr_line' id='line_1_7' title="bbox 149 1000 1027 1087; baseline -0.002 -19"><span class='ocrx_word' id='word_1_38' title='bbox 149 1002 316 1086; x_wconf 81' lang='lat' dir='ltr'><strong>Dissiluit,</strong></span> <span class='ocrx_word' id='word_1_39' title='bbox 332 1002 423 1068; x_wconf 87' lang='lat' dir='ltr'><strong>fulva</strong></span> <span class='ocrx_word' id='word_1_40' title='bbox 437 1000 622 1087; x_wconf 81' lang='lat' dir='ltr'><strong>resplendet</strong></span> <span class='ocrx_word' id='word_1_41' title='bbox 636 1000 785 1087; x_wconf 84' lang='lat' dir='ltr'><strong>fragmen</strong></span> <span class='ocrx_word' id='word_1_42' title='bbox 800 1023 907 1067; x_wconf 79' lang='lat' dir='ltr'><strong>arena.</strong></span> <span class='ocrx_word' id='word_1_43' title='bbox 1025 1047 1027 1052; x_wconf 90' lang='lat'>-</span> 
     </span>
    </p>

    <p class='ocr_par' dir='ltr' id='par_1_7' title="bbox 148 1104 1135 1194">
     <span class='ocr_line' id='line_1_8' title="bbox 148 1104 1135 1194; baseline -0.001 -22"><span class='ocrx_word' id='word_1_44' title='bbox 148 1107 236 1194; x_wconf 83' lang='lat' dir='ltr'><strong>Ergo</strong></span> <span class='ocrx_word' id='word_1_45' title='bbox 251 1127 363 1172; x_wconf 90' lang='lat' dir='ltr'><strong>amens</strong></span> <span class='ocrx_word' id='word_1_46' title='bbox 377 1105 504 1172; x_wconf 87' lang='lat' dir='ltr'><strong>diversa</strong></span> <span class='ocrx_word' id='word_1_47' title='bbox 519 1104 599 1191; x_wconf 82' lang='lat' dir='ltr'><strong>fuga</strong></span> <span class='ocrx_word' id='word_1_48' title='bbox 614 1105 699 1191; x_wconf 89' lang='lat' dir='ltr'><strong>petit</strong></span> <span class='ocrx_word' id='word_1_49' title='bbox 715 1125 854 1190; x_wconf 88' lang='lat' dir='ltr'><strong>aequora</strong></span> <span class='ocrx_word' id='word_1_50' title='bbox 871 1104 1013 1191; x_wconf 77' lang='lat' dir='ltr'><strong>Turnus,</strong></span> <span class='ocrx_word' id='word_1_51' title='bbox 1134 1175 1135 1178; x_wconf 59' lang='grc'>,</span> 
     </span>
    </p>

    <p class='ocr_par' dir='ltr' id='par_1_8' title="bbox 148 1207 1012 1296">
     <span class='ocr_line' id='line_1_9' title="bbox 148 1207 1012 1296; baseline 0 -20"><span class='ocrx_word' id='word_1_52' title='bbox 148 1211 196 1276; x_wconf 86' lang='lat' dir='ltr'><strong>Et</strong></span> <span class='ocrx_word' id='word_1_53' title='bbox 212 1232 300 1276; x_wconf 88' lang='lat' dir='ltr'><strong>nuno</strong></span> <span class='ocrx_word' id='word_1_54' title='bbox 315 1209 391 1294; x_wconf 90' lang='lat' dir='ltr'><strong>hue,</strong></span> <span class='ocrx_word' id='word_1_55' title='bbox 406 1209 482 1274; x_wconf 90' lang='lat' dir='ltr'><strong>inde</strong></span> <span class='ocrx_word' id='word_1_56' title='bbox 498 1209 562 1274; x_wconf 91' lang='lat' dir='ltr'><strong>huc</strong></span> <span class='ocrx_word' id='word_1_57' title='bbox 578 1209 720 1274; x_wconf 91' lang='lat' dir='ltr'><strong>incertos</strong></span> <span class='ocrx_word' id='word_1_58' title='bbox 735 1207 885 1296; x_wconf 87' lang='lat' dir='ltr'><strong>implicat</strong></span> <span class='ocrx_word' id='word_1_59' title='bbox 900 1209 1012 1276; x_wconf 88' lang='lat' dir='ltr'><strong>orbes:</strong></span> 
     </span>
    </p>

    <p class='ocr_par' dir='ltr' id='par_1_9' title="bbox 150 1313 976 1400">
     <span class='ocr_line' id='line_1_10' title="bbox 150 1313 976 1400; baseline -0.002 -19"><span class='ocrx_word' id='word_1_60' title='bbox 150 1314 306 1400; x_wconf 84' lang='lat' dir='ltr'><strong>Undique</strong></span> <span class='ocrx_word' id='word_1_61' title='bbox 321 1314 410 1380; x_wconf 90' lang='lat' dir='ltr'><strong>enim</strong></span> <span class='ocrx_word' id='word_1_62' title='bbox 425 1315 525 1380; x_wconf 88' lang='lat' dir='ltr'><strong>densa</strong></span> <span class='ocrx_word' id='word_1_63' title='bbox 542 1314 661 1380; x_wconf 78' lang='lat' dir='ltr'><strong>Teucri</strong></span> <span class='ocrx_word' id='word_1_64' title='bbox 676 1313 834 1379; x_wconf 86' lang='lat' dir='ltr'><strong>inclusere</strong></span> <span class='ocrx_word' id='word_1_65' title='bbox 849 1335 976 1399; x_wconf 87' lang='lat' dir='ltr'><strong>corona,</strong></span> 
     </span>
    </p>

    <p class='ocr_par' dir='ltr' id='par_1_10' title="bbox 149 1415 1207 1920">
     <span class='ocr_line' id='line_1_11' title="bbox 149 1415 1207 1506; baseline 0 -20"><span class='ocrx_word' id='word_1_66' title='bbox 149 1421 262 1506; x_wconf 85' lang='lat' dir='ltr'><strong>Atque</strong></span> <span class='ocrx_word' id='word_1_67' title='bbox 277 1419 353 1484; x_wconf 87' lang='lat' dir='ltr'><strong>hine</strong></span> <span class='ocrx_word' id='word_1_68' title='bbox 368 1426 464 1484; x_wconf 87' lang='lat' dir='ltr'><strong>vasta</strong></span> <span class='ocrx_word' id='word_1_69' title='bbox 478 1419 585 1506; x_wconf 88' lang='lat' dir='ltr'><strong>palus,</strong></span> <span class='ocrx_word' id='word_1_70' title='bbox 601 1417 678 1484; x_wconf 88' lang='lat' dir='ltr'><strong>hinc</strong></span> <span class='ocrx_word' id='word_1_71' title='bbox 693 1420 797 1485; x_wconf 89' lang='lat' dir='ltr'><strong>ardua</strong></span> <span class='ocrx_word' id='word_1_72' title='bbox 811 1419 939 1484; x_wconf 89' lang='lat' dir='ltr'><strong>moenia</strong></span> <span class='ocrx_word' id='word_1_73' title='bbox 954 1419 1101 1505; x_wconf 88' lang='lat' dir='ltr'><strong>cingunt.</strong></span> <span class='ocrx_word' id='word_1_74' title='bbox 1141 1415 1207 1488; x_wconf 82' lang='lat'><strong>745</strong></span> 
     </span>
     <span class='ocr_line' id='line_1_12' title="bbox 152 1522 1031 1612; baseline 0 -22"><span class='ocrx_word' id='word_1_75' title='bbox 152 1524 223 1590; x_wconf 88' lang='lat' dir='ltr'><strong>Neo</strong></span> <span class='ocrx_word' id='word_1_76' title='bbox 238 1522 348 1589; x_wconf 91' lang='lat' dir='ltr'><strong>minus</strong></span> <span class='ocrx_word' id='word_1_77' title='bbox 362 1522 503 1608; x_wconf 87' lang='lat' dir='ltr'><strong>Aeneas,</strong></span> <span class='ocrx_word' id='word_1_78' title='bbox 520 1543 723 1608; x_wconf 86' lang='lat' dir='ltr'><strong>quamquem</strong></span> <span class='ocrx_word' id='word_1_79' title='bbox 737 1524 892 1590; x_wconf 88' lang='lat' dir='ltr'><strong>tardante</strong></span> <span class='ocrx_word' id='word_1_80' title='bbox 908 1525 1031 1612; x_wconf 86' lang='lat' dir='ltr'><strong>sagitta</strong></span> 
     </span>
     <span class='ocr_line' id='line_1_13' title="bbox 150 1626 1038 1714; baseline 0.002 -22"><span class='ocrx_word' id='word_1_81' title='bbox 150 1627 322 1693; x_wconf 87' lang='lat' dir='ltr'><strong>Interdum</strong></span> <span class='ocrx_word' id='word_1_82' title='bbox 337 1648 444 1714; x_wconf 89' lang='lat' dir='ltr'><strong>genua</strong></span> <span class='ocrx_word' id='word_1_83' title='bbox 459 1626 647 1712; x_wconf 89' lang='lat' dir='ltr'><strong>impediunt</strong></span> <span class='ocrx_word' id='word_1_84' title='bbox 663 1648 859 1712; x_wconf 89' lang='lat' dir='ltr'><strong>cursumque</strong></span> <span class='ocrx_word' id='word_1_85' title='bbox 875 1635 1038 1713; x_wconf 88' lang='lat' dir='ltr'><strong>recusent,</strong></span> 
     </span>
     <span class='ocr_line' id='line_1_14' title="bbox 150 1730 1096 1820; baseline 0.002 -23"><span class='ocrx_word' id='word_1_86' title='bbox 150 1730 349 1817; x_wconf 85' lang='lat' dir='ltr'><strong>Insequitur,</strong></span> <span class='ocrx_word' id='word_1_87' title='bbox 366 1730 551 1817; x_wconf 85' lang='lat' dir='ltr'><strong>trepidique</strong></span> <span class='ocrx_word' id='word_1_88' title='bbox 566 1731 684 1816; x_wconf 89' lang='lat' dir='ltr'><strong>pedem</strong></span> <span class='ocrx_word' id='word_1_89' title='bbox 699 1732 781 1817; x_wconf 90' lang='lat' dir='ltr'><strong>pede</strong></span> <span class='ocrx_word' id='word_1_90' title='bbox 795 1732 939 1799; x_wconf 80' lang='lat' dir='ltr'><strong>fervidus</strong></span> <span class='ocrx_word' id='word_1_91' title='bbox 953 1739 1096 1820; x_wconf 87' lang='lat' dir='ltr'><strong>urguet:</strong></span> 
     </span>
     <span class='ocr_line' id='line_1_15' title="bbox 149 1835 916 1920; baseline 0.001 -19"><span class='ocrx_word' id='word_1_92' title='bbox 149 1836 322 1902; x_wconf 88' lang='lat' dir='ltr'><strong>Inclusum</strong></span> <span class='ocrx_word' id='word_1_93' title='bbox 336 1835 442 1902; x_wconf 91' lang='lat' dir='ltr'><strong>veluti</strong></span> <span class='ocrx_word' id='word_1_94' title='bbox 457 1835 486 1902; x_wconf 90' lang='lat' dir='ltr'><strong>si</strong></span> <span class='ocrx_word' id='word_1_95' title='bbox 501 1837 632 1920; x_wconf 87' lang='lat' dir='ltr'><strong>quando</strong></span> <span class='ocrx_word' id='word_1_96' title='bbox 647 1835 782 1902; x_wconf 87' lang='lat' dir='ltr'><strong>flumine</strong></span> <span class='ocrx_word' id='word_1_97' title='bbox 797 1843 916 1903; x_wconf 89' lang='lat' dir='ltr'><strong>nactus</strong></span> 
     </span>
    </p>

    <p class='ocr_par' dir='ltr' id='par_1_11' title="bbox 149 1938 1210 2129">
     <span class='ocr_line' id='line_1_16' title="bbox 151 1938 1210 2028; baseline 0 -21"><span class='ocrx_word' id='word_1_98' title='bbox 151 1939 304 2025; x_wconf 79' lang='lat' dir='ltr'><strong>(lerurm,</strong></span> <span class='ocrx_word' id='word_1_99' title='bbox 320 1947 380 2005; x_wconf 90' lang='lat' dir='ltr'><strong>aut</strong></span> <span class='ocrx_word' id='word_1_100' title='bbox 395 1940 551 2025; x_wconf 87' lang='lat' dir='ltr'><strong>puniceae</strong></span> <span class='ocrx_word' id='word_1_101' title='bbox 569 1947 700 2027; x_wconf 88' lang='lat' dir='ltr'><strong>septum</strong></span> <span class='ocrx_word' id='word_1_102' title='bbox 714 1941 885 2007; x_wconf 87' lang='lat' dir='ltr'><strong>formidine</strong></span> <span class='ocrx_word' id='word_1_103' title='bbox 901 1962 1037 2028; x_wconf 88' lang='lat' dir='ltr'><strong>pennae,</strong></span> <span class='ocrx_word' id='word_1_104' title='bbox 1143 1938 1210 2010; x_wconf 83' lang='lat'><strong>750</strong></span> 
     </span>
     <span class='ocr_line' id='line_1_17' title="bbox 149 2044 896 2129; baseline 0.001 -19"><span class='ocrx_word' id='word_1_105' title='bbox 149 2044 298 2110; x_wconf 86' lang='lat' dir='ltr'><strong>Venator</strong></span> <span class='ocrx_word' id='word_1_106' title='bbox 312 2065 409 2110; x_wconf 88' lang='lat' dir='ltr'><strong>cursu</strong></span> <span class='ocrx_word' id='word_1_107' title='bbox 423 2045 513 2110; x_wconf 88' lang='lat' dir='ltr'><strong>canis</strong></span> <span class='ocrx_word' id='word_1_108' title='bbox 528 2052 563 2110; x_wconf 84' lang='lat' dir='ltr'><strong>et</strong></span> <span class='ocrx_word' id='word_1_109' title='bbox 578 2045 754 2112; x_wconf 89' lang='lat' dir='ltr'><strong>latratibus</strong></span> <span class='ocrx_word' id='word_1_110' title='bbox 768 2045 873 2112; x_wconf 88' lang='lat' dir='ltr'><strong>instat</strong></span> <span class='ocrx_word' id='word_1_111' title='bbox 887 2067 896 2129; x_wconf 92' lang='lat'>;</span> 
     </span>
    </p>

    <p class='ocr_par' dir='ltr' id='par_1_12' title="bbox 150 2149 876 2236">
     <span class='ocr_line' id='line_1_18' title="bbox 150 2149 876 2236; baseline -0.003 -20"><span class='ocrx_word' id='word_1_112' title='bbox 150 2151 213 2216; x_wconf 91' lang='lat' dir='ltr'><strong>Ille</strong></span> <span class='ocrx_word' id='word_1_113' title='bbox 229 2156 352 2234; x_wconf 89' lang='lat' dir='ltr'><strong>autem,</strong></span> <span class='ocrx_word' id='word_1_114' title='bbox 368 2149 493 2217; x_wconf 89' lang='lat' dir='ltr'><strong>insidiis</strong></span> <span class='ocrx_word' id='word_1_115' title='bbox 509 2156 543 2216; x_wconf 90' lang='lat' dir='ltr'><strong>et</strong></span> <span class='ocrx_word' id='word_1_116' title='bbox 559 2149 630 2236; x_wconf 87' lang='lat' dir='ltr'><strong>ripa</strong></span> <span class='ocrx_word' id='word_1_117' title='bbox 645 2150 779 2216; x_wconf 88' lang='lat' dir='ltr'><strong>territus</strong></span> <span class='ocrx_word' id='word_1_118' title='bbox 795 2150 876 2236; x_wconf 88' lang='lat' dir='ltr'><strong>alta,</strong></span> 
     </span>
    </p>

    <p class='ocr_par' dir='ltr' id='par_1_13' title="bbox 63 2254 982 2341">
     <span class='ocr_line' id='line_1_19' title="bbox 63 2254 982 2341; baseline -0.001 -20"><span class='ocrx_word' id='word_1_119' title='bbox 63 2281 65 2286; x_wconf 94' lang='lat'>·</span> <span class='ocrx_word' id='word_1_120' title='bbox 150 2255 243 2321; x_wconf 89' lang='lat' dir='ltr'><strong>Mille</strong></span> <span class='ocrx_word' id='word_1_121' title='bbox 257 2254 344 2340; x_wconf 86' lang='lat' dir='ltr'><strong>fugit</strong></span> <span class='ocrx_word' id='word_1_122' title='bbox 359 2254 543 2341; x_wconf 85' lang='lat' dir='ltr'><strong>refugitque</strong></span> <span class='ocrx_word' id='word_1_123' title='bbox 558 2255 639 2340; x_wconf 87' lang='lat' dir='ltr'><strong>vias,</strong></span> <span class='ocrx_word' id='word_1_124' title='bbox 657 2262 693 2320; x_wconf 91' lang='lat' dir='ltr'><strong>at</strong></span> <span class='ocrx_word' id='word_1_125' title='bbox 708 2255 837 2321; x_wconf 85' lang='lat' dir='ltr'><strong>vividus</strong></span> <span class='ocrx_word' id='word_1_126' title='bbox 853 2255 982 2322; x_wconf 91' lang='lat' dir='ltr'><strong>Umber</strong></span> 
     </span>
    </p>

    <p class='ocr_par' dir='ltr' id='par_1_14' title="bbox 150 2357 1212 2653">
     <span class='ocr_line' id='line_1_20' title="bbox 151 2357 1086 2445; baseline 0 -20"><span class='ocrx_word' id='word_1_127' title='bbox 151 2358 278 2425; x_wconf 85' lang='lat' dir='ltr'><strong>Haeret</strong></span> <span class='ocrx_word' id='word_1_128' title='bbox 292 2358 395 2443; x_wconf 85' lang='lat' dir='ltr'><strong>hians,</strong></span> <span class='ocrx_word' id='word_1_129' title='bbox 408 2357 626 2444; x_wconf 85' lang='lat' dir='ltr'><strong>jamjamque</strong></span> <span class='ocrx_word' id='word_1_130' title='bbox 641 2367 745 2444; x_wconf 82' lang='lat' dir='ltr'><strong>tenet,</strong></span> <span class='ocrx_word' id='word_1_131' title='bbox 763 2359 942 2445; x_wconf 87' lang='lat' dir='ltr'><strong>similisque</strong></span> <span class='ocrx_word' id='word_1_132' title='bbox 957 2358 1086 2426; x_wconf 84' lang='lat' dir='ltr'><strong>tenenti</strong></span> 
     </span>
     <span class='ocr_line' id='line_1_21' title="bbox 151 2459 1212 2549; baseline 0.003 -21"><span class='ocrx_word' id='word_1_133' title='bbox 151 2462 325 2549; x_wconf 87' lang='lat' dir='ltr'><strong>Increpuit</strong></span> <span class='ocrx_word' id='word_1_134' title='bbox 340 2461 446 2545; x_wconf 88' lang='lat' dir='ltr'><strong>malis,</strong></span> <span class='ocrx_word' id='word_1_135' title='bbox 462 2483 637 2547; x_wconf 90' lang='lat' dir='ltr'><strong>morsuque</strong></span> <span class='ocrx_word' id='word_1_136' title='bbox 653 2463 762 2530; x_wconf 90' lang='lat' dir='ltr'><strong>elusus</strong></span> <span class='ocrx_word' id='word_1_137' title='bbox 777 2463 869 2528; x_wconf 88' lang='lat' dir='ltr'><strong>inani</strong></span> <span class='ocrx_word' id='word_1_138' title='bbox 883 2471 941 2531; x_wconf 86' lang='lat' dir='ltr'><strong>est.</strong></span> <span class='ocrx_word' id='word_1_139' title='bbox 1145 2459 1212 2532; x_wconf 80' lang='lat'><strong>755</strong></span> 
     </span>
     <span class='ocr_line' id='line_1_22' title="bbox 150 2565 976 2653; baseline 0.001 -21"><span class='ocrx_word' id='word_1_140' title='bbox 150 2566 240 2632; x_wconf 79' lang='lat' dir='ltr'><strong>Tum</strong></span> <span class='ocrx_word' id='word_1_141' title='bbox 254 2587 329 2632; x_wconf 87' lang='lat' dir='ltr'><strong>vero</strong></span> <span class='ocrx_word' id='word_1_142' title='bbox 344 2566 488 2632; x_wconf 90' lang='lat' dir='ltr'><strong>exoritur</strong></span> <span class='ocrx_word' id='word_1_143' title='bbox 502 2565 635 2651; x_wconf 87' lang='lat' dir='ltr'><strong>clamor,</strong></span> <span class='ocrx_word' id='word_1_144' title='bbox 652 2568 805 2652; x_wconf 89' lang='lat' dir='ltr'><strong>ripaeque</strong></span> <span class='ocrx_word' id='word_1_145' title='bbox 820 2567 976 2653; x_wconf 88' lang='lat' dir='ltr'><strong>lacusque</strong></span> 
     </span>
    </p>

    <p class='ocr_par' dir='ltr' id='par_1_15' title="bbox 151 2670 1060 2757">
     <span class='ocr_line' id='line_1_23' title="bbox 151 2670 1060 2757; baseline 0.006 -21"><span class='ocrx_word' id='word_1_146' title='bbox 151 2672 359 2757; x_wconf 86' lang='lat' dir='ltr'><strong>Responsant</strong></span> <span class='ocrx_word' id='word_1_147' title='bbox 374 2670 469 2754; x_wconf 87' lang='lat' dir='ltr'><strong>circa,</strong></span> <span class='ocrx_word' id='word_1_148' title='bbox 487 2678 521 2735; x_wconf 92' lang='lat' dir='ltr'><strong>et</strong></span> <span class='ocrx_word' id='word_1_149' title='bbox 536 2670 664 2736; x_wconf 90' lang='lat' dir='ltr'><strong>coelum</strong></span> <span class='ocrx_word' id='word_1_150' title='bbox 679 2679 776 2738; x_wconf 88' lang='lat' dir='ltr'><strong>tonat</strong></span> <span class='ocrx_word' id='word_1_151' title='bbox 792 2694 887 2738; x_wconf 90' lang='lat' dir='ltr'><strong>omne</strong></span> <span class='ocrx_word' id='word_1_152' title='bbox 903 2673 1060 2741; x_wconf 91' lang='lat' dir='ltr'><strong>tumultu.</strong></span> 
     </span>
    </p>

    <p class='ocr_par' dir='ltr' id='par_1_16' title="bbox 150 2777 1041 2865">
     <span class='ocr_line' id='line_1_24' title="bbox 150 2777 1041 2865; baseline 0.002 -21"><span class='ocrx_word' id='word_1_153' title='bbox 150 2777 213 2844; x_wconf 91' lang='lat' dir='ltr'><strong>Ille</strong></span> <span class='ocrx_word' id='word_1_154' title='bbox 229 2778 329 2843; x_wconf 90' lang='lat' dir='ltr'><strong>simul</strong></span> <span class='ocrx_word' id='word_1_155' title='bbox 341 2777 468 2864; x_wconf 89' lang='lat' dir='ltr'><strong>fugiens</strong></span> <span class='ocrx_word' id='word_1_156' title='bbox 484 2777 626 2842; x_wconf 85' lang='lat' dir='ltr'><strong>Rutulos</strong></span> <span class='ocrx_word' id='word_1_157' title='bbox 642 2777 742 2844; x_wconf 91' lang='lat' dir='ltr'><strong>simul</strong></span> <span class='ocrx_word' id='word_1_158' title='bbox 755 2778 902 2865; x_wconf 88' lang='lat' dir='ltr'><strong>increpat</strong></span> <span class='ocrx_word' id='word_1_159' title='bbox 919 2801 1041 2865; x_wconf 90' lang='lat' dir='ltr'><strong>omnes,</strong></span> 
     </span>
    </p>

    <p class='ocr_par' dir='ltr' id='par_1_17' title="bbox 150 2877 1212 3279">
     <span class='ocr_line' id='line_1_25' title="bbox 151 2877 1140 2970; baseline 0 -23"><span class='ocrx_word' id='word_1_160' title='bbox 151 2881 292 2947; x_wconf 85' lang='lat' dir='ltr'><strong>Nomine</strong></span> <span class='ocrx_word' id='word_1_161' title='bbox 308 2901 471 2966; x_wconf 90' lang='lat' dir='ltr'><strong>quemque</strong></span> <span class='ocrx_word' id='word_1_162' title='bbox 486 2901 615 2964; x_wconf 87' lang='lat' dir='ltr'><strong>vocans,</strong></span> <span class='ocrx_word' id='word_1_163' title='bbox 632 2877 814 2967; x_wconf 88' lang='lat' dir='ltr'><strong>notumque</strong></span> <span class='ocrx_word' id='word_1_164' title='bbox 829 2882 990 2970; x_wconf 87' lang='lat' dir='ltr'><strong>efflagitat</strong></span> <span class='ocrx_word' id='word_1_165' title='bbox 1007 2903 1140 2966; x_wconf 89' lang='lat' dir='ltr'><strong>ensem;</strong></span> 
     </span>
     <span class='ocr_line' id='line_1_26' title="bbox 150 2983 1212 3071; baseline 0 -20"><span class='ocrx_word' id='word_1_166' title='bbox 150 2985 280 3052; x_wconf 86' lang='lat' dir='ltr'><strong>Aeneas</strong></span> <span class='ocrx_word' id='word_1_167' title='bbox 296 2993 435 3050; x_wconf 88' lang='lat' dir='ltr'><strong>mortem</strong></span> <span class='ocrx_word' id='word_1_168' title='bbox 450 2991 563 3049; x_wconf 87' lang='lat' dir='ltr'><strong>eontra</strong></span> <span class='ocrx_word' id='word_1_169' title='bbox 578 3005 793 3071; x_wconf 88' lang='lat' dir='ltr'><strong>praesensque</strong></span> <span class='ocrx_word' id='word_1_170' title='bbox 808 2987 957 3052; x_wconf 86' lang='lat' dir='ltr'><strong>minatur</strong></span> <span class='ocrx_word' id='word_1_171' title='bbox 1145 2983 1212 3055; x_wconf 80' lang='lat'><strong>760</strong></span> 
     </span>
     <span class='ocr_line' id='line_1_27' title="bbox 150 3088 1061 3175; baseline 0.001 -21"><span class='ocrx_word' id='word_1_172' title='bbox 150 3089 316 3172; x_wconf 85' lang='lat' dir='ltr'><strong>Exitium,</strong></span> <span class='ocrx_word' id='word_1_173' title='bbox 334 3088 361 3154; x_wconf 92' lang='lat' dir='ltr'><strong>si</strong></span> <span class='ocrx_word' id='word_1_174' title='bbox 377 3088 553 3173; x_wconf 86' lang='lat' dir='ltr'><strong>quisquam</strong></span> <span class='ocrx_word' id='word_1_175' title='bbox 568 3090 676 3173; x_wconf 87' lang='lat' dir='ltr'><strong>adeat,</strong></span> <span class='ocrx_word' id='word_1_176' title='bbox 693 3096 858 3175; x_wconf 87' lang='lat' dir='ltr'><strong>terretque</strong></span> <span class='ocrx_word' id='word_1_177' title='bbox 872 3097 1061 3174; x_wconf 90' lang='lat' dir='ltr'><strong>trementes,</strong></span> 
     </span>
     <span class='ocr_line' id='line_1_28' title="bbox 150 3191 991 3279; baseline 0.001 -21"><span class='ocrx_word' id='word_1_178' title='bbox 150 3194 350 3260; x_wconf 81' lang='lat' dir='ltr'><strong>Excisumm</strong></span> <span class='ocrx_word' id='word_1_179' title='bbox 364 3195 480 3259; x_wconf 91' lang='lat' dir='ltr'><strong>urbem</strong></span> <span class='ocrx_word' id='word_1_180' title='bbox 495 3191 663 3279; x_wconf 85' lang='lat' dir='ltr'><strong>minitans,</strong></span> <span class='ocrx_word' id='word_1_181' title='bbox 681 3201 715 3260; x_wconf 91' lang='lat' dir='ltr'><strong>et</strong></span> <span class='ocrx_word' id='word_1_182' title='bbox 734 3195 864 3260; x_wconf 89' lang='lat' dir='ltr'><strong>saucius</strong></span> <span class='ocrx_word' id='word_1_183' title='bbox 879 3195 991 3260; x_wconf 82' lang='lat' dir='ltr'><strong>instat.</strong></span> 
     </span>
    </p>

    <p class='ocr_par' dir='ltr' id='par_1_18' title="bbox 152 3297 1081 3384">
     <span class='ocr_line' id='line_1_29' title="bbox 152 3297 1081 3384; baseline 0 -22"><span class='ocrx_word' id='word_1_184' title='bbox 152 3297 304 3382; x_wconf 84' lang='lat' dir='ltr'><strong>Quinque</strong></span> <span class='ocrx_word' id='word_1_185' title='bbox 320 3297 411 3362; x_wconf 89' lang='lat' dir='ltr'><strong>orbes</strong></span> <span class='ocrx_word' id='word_1_186' title='bbox 427 3297 562 3382; x_wconf 87' lang='lat' dir='ltr'><strong>explent</strong></span> <span class='ocrx_word' id='word_1_187' title='bbox 577 3319 685 3383; x_wconf 91' lang='lat' dir='ltr'><strong>cursu,</strong></span> <span class='ocrx_word' id='word_1_188' title='bbox 703 3298 906 3384; x_wconf 89' lang='lat' dir='ltr'><strong>totidemque</strong></span> <span class='ocrx_word' id='word_1_189' title='bbox 922 3303 1081 3363; x_wconf 84' lang='lat' dir='ltr'><strong>retexunt</strong></span> 
     </span>
    </p>

    <p class='ocr_par' dir='ltr' id='par_1_19' title="bbox 151 3401 1212 3675">
     <span class='ocr_line' id='line_1_30' title="bbox 152 3401 1070 3488; baseline 0 -22"><span class='ocrx_word' id='word_1_190' title='bbox 152 3401 229 3467; x_wconf 89' lang='lat' dir='ltr'><strong>Huc</strong></span> <span class='ocrx_word' id='word_1_191' title='bbox 244 3402 342 3468; x_wconf 90' lang='lat' dir='ltr'><strong>illuc:</strong></span> <span class='ocrx_word' id='word_1_192' title='bbox 367 3422 472 3485; x_wconf 89' lang='lat' dir='ltr'><strong>neque</strong></span> <span class='ocrx_word' id='word_1_193' title='bbox 489 3401 577 3466; x_wconf 90' lang='lat' dir='ltr'><strong>enim</strong></span> <span class='ocrx_word' id='word_1_194' title='bbox 591 3402 675 3468; x_wconf 85' lang='lat' dir='ltr'><strong>levia</strong></span> <span class='ocrx_word' id='word_1_195' title='bbox 691 3410 751 3467; x_wconf 84' lang='lat' dir='ltr'><strong>aut·</strong></span> <span class='ocrx_word' id='word_1_196' title='bbox 765 3401 893 3468; x_wconf 89' lang='lat' dir='ltr'><strong>ludicra</strong></span> <span class='ocrx_word' id='word_1_197' title='bbox 908 3407 1070 3488; x_wconf 89' lang='lat' dir='ltr'><strong>petuntur</strong></span> 
     </span>
     <span class='ocr_line' id='line_1_31' title="bbox 151 3499 1212 3590; baseline 0.003 -20"><span class='ocrx_word' id='word_1_198' title='bbox 151 3504 314 3588; x_wconf 87' lang='lat' dir='ltr'><strong>Praemia,</strong></span> <span class='ocrx_word' id='word_1_199' title='bbox 332 3504 389 3569; x_wconf 88' lang='lat' dir='ltr'><strong>sed</strong></span> <span class='ocrx_word' id='word_1_200' title='bbox 405 3504 508 3570; x_wconf 79' lang='lat' dir='ltr'><strong>Turni</strong></span> <span class='ocrx_word' id='word_1_201' title='bbox 521 3506 561 3571; x_wconf 92' lang='lat' dir='ltr'><strong>de</strong></span> <span class='ocrx_word' id='word_1_202' title='bbox 576 3505 646 3570; x_wconf 90' lang='lat' dir='ltr'><strong>vita</strong></span> <span class='ocrx_word' id='word_1_203' title='bbox 663 3512 697 3570; x_wconf 89' lang='lat' dir='ltr'><strong>et</strong></span> <span class='ocrx_word' id='word_1_204' title='bbox 715 3504 874 3590; x_wconf 87' lang='lat' dir='ltr'><strong>sanguine</strong></span> <span class='ocrx_word' id='word_1_205' title='bbox 893 3513 1029 3572; x_wconf 79' lang='lat' dir='ltr'><strong>certant.</strong></span> <span class='ocrx_word' id='word_1_206' title='bbox 1146 3499 1212 3573; x_wconf 82' lang='lat'><strong>&#39;765</strong></span> 
     </span>
     <span class='ocr_line' id='line_1_32' title="bbox 151 3607 872 3675; baseline 0 -1"><span class='ocrx_word' id='word_1_207' title='bbox 151 3610 250 3674; x_wconf 83' lang='lat' dir='ltr'><strong>Forte</strong></span> <span class='ocrx_word' id='word_1_208' title='bbox 267 3629 356 3674; x_wconf 89' lang='lat' dir='ltr'><strong>sacer</strong></span> <span class='ocrx_word' id='word_1_209' title='bbox 371 3607 487 3674; x_wconf 81' lang='lat' dir='ltr'><strong>Fauno</strong></span> <span class='ocrx_word' id='word_1_210' title='bbox 501 3608 587 3675; x_wconf 89' lang='lat' dir='ltr'><strong>foliis</strong></span> <span class='ocrx_word' id='word_1_211' title='bbox 603 3609 740 3674; x_wconf 86' lang='lat' dir='ltr'><strong>oleaster</strong></span> <span class='ocrx_word' id='word_1_212' title='bbox 754 3608 872 3674; x_wconf 87' lang='lat' dir='ltr'><strong>amaris</strong></span> 
     </span>
    </p>

    <p class='ocr_par' dir='ltr' id='par_1_20' title="bbox 150 3712 950 3800">
     <span class='ocr_line' id='line_1_33' title="bbox 150 3712 950 3800; baseline 0.003 -22"><span class='ocrx_word' id='word_1_213' title='bbox 150 3713 216 3780; x_wconf 89' lang='lat' dir='ltr'><strong>Hic</strong></span> <span class='ocrx_word' id='word_1_214' title='bbox 232 3720 378 3798; x_wconf 88' lang='lat' dir='ltr'><strong>steterat,</strong></span> <span class='ocrx_word' id='word_1_215' title='bbox 395 3714 507 3779; x_wconf 87' lang='lat' dir='ltr'><strong>nautis</strong></span> <span class='ocrx_word' id='word_1_216' title='bbox 522 3714 600 3778; x_wconf 91' lang='lat' dir='ltr'><strong>olim</strong></span> <span class='ocrx_word' id='word_1_217' title='bbox 615 3712 796 3778; x_wconf 89' lang='lat' dir='ltr'><strong>venerabile</strong></span> <span class='ocrx_word' id='word_1_218' title='bbox 811 3713 950 3800; x_wconf 88' lang='lat' dir='ltr'><strong>lignum,</strong></span> 
     </span>
    </p>

    <p class='ocr_par' dir='ltr' id='par_1_21' title="bbox 152 3816 903 3904">
     <span class='ocr_line' id='line_1_34' title="bbox 152 3816 903 3904; baseline -0.003 -18"><span class='ocrx_word' id='word_1_219' title='bbox 152 3816 282 3886; x_wconf 80' lang='lat' dir='ltr'><strong>Servati</strong></span> <span class='ocrx_word' id='word_1_220' title='bbox 297 3837 340 3881; x_wconf 84' lang='lat' dir='ltr'><strong>ex</strong></span> <span class='ocrx_word' id='word_1_221' title='bbox 354 3818 452 3883; x_wconf 89' lang='lat' dir='ltr'><strong>undis</strong></span> <span class='ocrx_word' id='word_1_222' title='bbox 466 3819 524 3884; x_wconf 93' lang='lat' dir='ltr'><strong>ubi</strong></span> <span class='ocrx_word' id='word_1_223' title='bbox 539 3818 638 3904; x_wconf 87' lang='lat' dir='ltr'><strong>figere</strong></span> <span class='ocrx_word' id='word_1_224' title='bbox 655 3818 740 3882; x_wconf 88' lang='lat' dir='ltr'><strong>dona</strong></span> <span class='ocrx_word' id='word_1_225' title='bbox 755 3818 903 3884; x_wconf 91' lang='lat' dir='ltr'><strong>solebant</strong></span> 
     </span>
    </p>
   </div>
   <div class='ocr_carea' id='block_1_4' title="bbox 150 3920 911 4080">
    <p class='ocr_par' dir='ltr' id='par_1_22' title="bbox 150 3920 911 4080">
     <span class='ocr_line' id='line_1_35' title="bbox 150 3920 911 4008; baseline 0.003 -20"><span class='ocrx_word' id='word_1_226' title='bbox 150 3920 309 3988; x_wconf 86' lang='lat' dir='ltr'><strong>Laurenti</strong></span> <span class='ocrx_word' id='word_1_227' title='bbox 326 3921 401 3987; x_wconf 87' lang='lat' dir='ltr'><strong>divo</strong></span> <span class='ocrx_word' id='word_1_228' title='bbox 416 3930 451 3987; x_wconf 90' lang='lat' dir='ltr'><strong>et</strong></span> <span class='ocrx_word' id='word_1_229' title='bbox 465 3931 559 3988; x_wconf 87' lang='lat' dir='ltr'><strong>votas</strong></span> <span class='ocrx_word' id='word_1_230' title='bbox 575 3923 770 4007; x_wconf 88' lang='lat' dir='ltr'><strong>suspendere</strong></span> <span class='ocrx_word' id='word_1_231' title='bbox 785 3929 911 4008; x_wconf 88' lang='lat' dir='ltr'><strong>vestes;</strong></span> 
     </span>
     <span class='ocr_line' id='line_1_36' title="bbox 240 4022 432 4080; baseline 0.01 -2"><span class='ocrx_word' id='word_1_232' title='bbox 240 4033 243 4038; x_wconf 71' lang='lat'>‘</span> <span class='ocrx_word' id='word_1_233' title='bbox 377 4022 432 4080; x_wconf 82' lang='lat'><strong>13*</strong></span> 
     </span>
    </p>
   </div>
   <div class='ocr_carea' id='block_1_5' title="bbox 0 0 1471 4516">
    <p class='ocr_par' dir='ltr' id='par_1_23' title="bbox 0 0 1471 4516">
     <span class='ocr_line' id='line_1_37' title="bbox 0 0 1471 4516; baseline 0 0"><span class='ocrx_word' id='word_1_234' title='bbox 0 0 1471 4516; x_wconf 95' lang='lat' dir='ltr'><strong> </strong></span> 
     </span>
    </p>
   </div>
  </div>
 </body>
</html>
