2838 4522
475 343 645 390 rhamnos
668 343 736 392 arn
757 344 793 391 11.
1123 325 1161 392 41

99 503 226 568 Fertur
241 502 275 566 in
290 525 368 567 arva
382 501 492 568 furens
508 503 649 587 cumulo,
666 522 861 588 camposque
877 523 936 588 per
951 524 1063 568 omnes

101 607 193 674 Cum
209 608 346 673 stabulis
362 616 512 672 armenta
527 607 639 673 trahit.
687 607 768 673 Vidi
783 607 851 692 ipse
866 607 1034 673 furentem

75 714 215 780 accede
226 713 483 798 Neoptolemum
498 711 707 798 geminosque
722 712 758 777 in
772 713 884 778 limine
900 711 1037 778 Atridas
1051 733 1060 796 ;
1100 713 1166 780 500

100 818 185 884 Vidi
203 818 376 883 Hecubam
392 825 590 902 centumque
606 839 718 901 nurus,
737 817 969 904 Priamumque
985 839 1042 903 per
1057 840 1130 883 aras

102 923 271 1008 Sanguine
286 922 484 1006 foedantem,
501 942 581 1006 quos
596 922 665 1008 ipse
681 930 872 1007 sacraverat,
888 922 987 1008 ignes.

101 1026 353 1112 Quinquaginta
368 1026 418 1090 illi
434 1025 583 1110 thalami,
601 1047 674 1111 spes
691 1034 787 1091 tanta
802 1033 972 1111 nepotum,

102 1131 280 1196 Barbarico
295 1137 408 1216 postes
422 1151 500 1194 auro
516 1129 688 1215 spoliisque
704 1129 845 1215 superbi,

101 1236 331 1318 Procuhuere;
355 1243 471 1300 tenent
488 1234 607 1318 Danai,
625 1255 691 1320 qua
706 1234 817 1300 deficit
833 1234 926 1321 iguis.
1100 1239 1166 1302 505

171 1340 325 1406 Forsitan
340 1347 384 1424 et,
402 1339 525 1406 Priami
539 1339 661 1404 fuerint
677 1360 760 1424 quae
775 1338 856 1424 fata,
873 1341 1024 1425 requiras.

102 1445 207 1512 Urbis
222 1445 275 1510 uti
290 1452 409 1530 captae
426 1466 538 1510 casum
554 1445 771 1529 convulsaque
787 1444 869 1510 vidit

102 1550 236 1615 Limina
252 1557 416 1616 tectorum
431 1557 464 1615 et
481 1549 627 1614 medium
642 1549 677 1614 iu
692 1550 912 1634 penetralibus
928 1551 1065 1629 hostem,

102 1656 211 1720 Arma
226 1655 283 1720 diu
295 1655 398 1720 senior
413 1656 549 1720 desueta
565 1653 782 1719 trementibus
798 1676 876 1720 aevo

104 1759 299 1826 Circumdat
314 1758 536 1843 nequidquam
552 1757 706 1842 humeris,
725 1765 758 1823 et
774 1758 891 1824 inutile
907 1758 1030 1824 ferrum
1100 1759 1167 1826 510

103 1865 270 1950 Cingitur,
287 1884 325 1927 ac
341 1863 456 1928 densos
471 1863 576 1927 fertur
589 1861 767 1928 moriturus
782 1862 816 1926 in
831 1863 948 1930 hostes.

103 1968 253 2034 Aedibus
268 1967 303 2031 in
318 1966 433 2032 mediis
448 1967 602 2051 nudoque
619 1966 679 2032 sub
696 1965 837 2032 aetheris
853 1988 914 2031 axe

103 2075 227 2159 Ingens
243 2087 298 2136 ara
312 2072 387 2156 fuit,
401 2071 565 2156 juxtaque
580 2071 754 2137 veterrima
769 2072 892 2155 laurus,

103 2177 305 2242 Incumbens
321 2199 394 2241 arae
410 2177 642 2262 atqueumbra
658 2176 828 2262 complexa
844 2176 1008 2243 Penates:

106 2283 174 2346 Hic
190 2281 326 2346 Hecuba
342 2289 376 2346 et
392 2289 491 2346 natae
506 2281 729 2367 nequidquam
744 2281 862 2346 altaria
877 2280 1011 2366 circum,
1103 2284 1167 2349 515

106 2386 306 2471 Praecipites
321 2394 394 2451 atra
409 2408 469 2451 ceu
484 2394 681 2472 tempestate
697 2386 876 2470 columbae,

107 2493 297 2583 Condensae
313 2500 347 2557 et
362 2493 475 2558 divum
492 2492 661 2578 amplexae
678 2491 851 2568 simulacra
867 2492 1032 2558 sedebant.

106 2599 225 2684 Ipsum
239 2606 351 2663 autem
367 2597 485 2664 sumtis
501 2597 672 2661 Priamum
683 2595 892 2681 juvenalibus
908 2597 1005 2662 armis

107 2702 161 2767 Ut
177 2702 279 2784 vidit;
305 2701 432 2784 “Quae
448 2721 540 2766 mens
557 2709 627 2765 tam
643 2700 722 2785 dira,
740 2701 916 2768 miserrime
933 2701 1062 2786 conjurr,

107 2806 283 2892 “Impulit
298 2806 349 2872 his
364 2807 451 2893 cingi
467 2806 552 2891 telis,
569 2813 628 2871 aut
644 2827 708 2891 quo
725 2805 790 2871 ruis
803 2808 843 2873 ?''
858 2807 977 2892 inquit.
1102 2809 1168 2874 520

106 2911 129 2944 “
142 2910 220 2977 Non
234 2911 296 2978 tali
311 2911 432 2976 auxilio
449 2933 507 2976 nec
520 2911 739 2977 defensoribus
754 2911 826 2978 istis

106 3016 129 3049 “
143 3017 291 3102 Tempus
306 3024 380 3102 eget
395 3037 403 3099 ;
428 3038 504 3101 non,
522 3015 551 3081 si
565 3016 633 3102 ipse
649 3037 742 3082 meus
756 3038 844 3082 nunc
860 3015 975 3082 afforet
991 3017 1122 3084 Hector.

107 3122 128 3153 “
143 3121 219 3187 Huc
232 3123 367 3187 tandem
383 3122 521 3188 concede
537 3142 544 3188 :
570 3121 650 3204 haec
666 3143 723 3186 ara
738 3121 886 3186 tuebitur
902 3142 1024 3205 omnes,

107 3226 216 3292 “Aut
231 3227 365 3292 moriere
380 3226 509 3292 simul.''
558 3225 611 3293 sic
627 3247 680 3292 ore
696 3225 806 3310 effata,
823 3225 954 3311 recepit·

86 3319 91 3330 ⁸
105 3333 162 3398 Ad
178 3354 247 3398 sese
263 3339 298 3398 et
314 3354 404 3398 sacra
418 3333 612 3416 longaevum
629 3331 665 3396 in
680 3332 755 3396 sede
769 3329 899 3396 locavit.
1104 3332 1169 3398 525

105 3438 192 3502 Ecce
208 3444 322 3502 autem
339 3437 468 3522 elapsus
484 3435 602 3520 Pyrrhi
617 3436 657 3500 de
673 3435 771 3500 caede
788 3433 923 3518 Polites,

107 3540 204 3607 Unus
221 3549 375 3605 natorum
391 3539 527 3624 Priami,
544 3561 602 3626 per
617 3540 695 3624 tela,
712 3560 771 3625 per
784 3537 894 3604 hostes

107 3645 293 3711 Porticibus
308 3645 411 3730 longis
427 3645 522 3730 fugit,
540 3652 574 3709 et
590 3666 694 3709 vacua
710 3642 794 3708 atria
808 3643 930 3724 lustrat

108 3752 267 3833 Saucius;
292 3749 388 3814 illum
403 3751 518 3814 ardens
533 3749 651 3814 infesto
667 3748 799 3814 vulnere
815 3748 958 3833 Pyrrhus

106 3856 307 3943 Insequitur,
321 3854 391 3940 jam
398 3855 536 3940 jamque
545 3875 646 3918 manu
657 3859 748 3918 tenet
761 3859 795 3918 et
811 3853 931 3939 premit
946 3843 1065 3934 hasta;
1105 3855 1171 3920 530

106 3963 156 4030 Ut
173 3963 311 4030 tandem
326 3967 405 4025 ante
421 3958 529 4024 oculos
544 3958 648 4048 evasit
663 3965 697 4023 et
712 3979 767 4023 ora
782 3965 969 4044 parentum,
