2944 4522
252 301 321 368 284
611 322 782 370 nnunmos
805 324 870 371 nra.
896 325 957 374 x11.

254 479 433 566 Messapus,
450 482 580 568 teloque
596 490 744 548 orantem
760 484 868 548 multa
883 484 1004 550 trabali
1209 563 1210 566 Ἴ

252 585 402 672 Desuper
418 588 506 652 altus
522 607 604 672 equo
620 589 760 674 graviter
774 589 859 673 ferit,
877 597 976 674 atque
992 589 1040 654 ita
1055 589 1163 657 fatur:
1243 592 1316 658 295

253 690 274 723 “
288 691 359 756 Hoc
376 691 488 775 habet,
505 692 584 756 haee
602 693 715 758 melior
730 694 858 779 magnis
874 695 953 759 data
969 694 1103 758 victima
1117 695 1232 761 divis.''
1316 719 1320 726 ·

254 798 462 864 Concurrunt
478 798 569 883 Itali,
587 799 792 884 spoliantque
808 799 949 864 calentia
965 800 1119 865 membra.

252 903 374 968 Obvius
390 903 582 968 ambustum
597 911 717 968 torrem
734 903 920 988 Corynaeus
935 904 977 968 ab
994 926 1050 968 ara

252 1009 405 1093 Corripit,
423 1016 457 1074 et
472 1008 616 1072 venienti
631 1009 742 1074 Ebuso
758 1009 953 1094 plagamque
968 1009 1087 1075 ferenti

251 1115 452 1198 Occupatos
468 1113 629 1180 flammis:
656 1115 711 1178 olli
726 1115 840 1200 ingens
857 1115 956 1178 barba
972 1116 1104 1198 reluxit,
1242 1115 1311 1181 300

250 1221 470 1306 Nidoremque
486 1221 638 1286 ambusta
649 1221 749 1286 dedit.
799 1221 904 1306 Super
918 1221 987 1306 ipse
1004 1229 1133 1288 secutus

252 1326 435 1392 Gaesariem
453 1326 546 1390 laeva
563 1327 689 1391 turbati
705 1326 836 1413 corripit
851 1327 964 1409 hostis,

251 1431 478 1516 Impressoque
493 1451 579 1516 genu
595 1431 703 1496 nitens
719 1439 824 1496 terrae
840 1431 986 1516 applicat
1002 1431 1130 1517 ipsum:

252 1535 304 1601 sie
322 1535 424 1620 rigido
439 1536 528 1600 latus
544 1557 618 1600 ense
633 1535 720 1603 ferit.
768 1536 951 1601 Podalirius
967 1535 1100 1620 Alsum,

251 1641 422 1705 Pastorem
437 1641 605 1726 primaque
621 1641 689 1706 acie
707 1663 763 1725 per
778 1641 844 1705 tela
860 1649 1022 1725 ruentem,
1243 1643 1309 1708 305

161 1755 162 1759 ’
249 1745 338 1810 Ense
355 1765 494 1830 sequens
509 1745 597 1810 nudo
614 1745 880 1830 superimminet;
904 1745 958 1810 ille
975 1747 1078 1810 seouri

249 1850 389 1916 Adversi
403 1850 544 1916 frontem
559 1851 702 1916 mediam
717 1859 933 1935 mentumque
949 1853 1086 1917 reducta

250 1955 393 2040 Disjieit,
412 1963 446 2020 et
463 1977 572 2041 sparso
588 1956 655 2020 late
668 1955 752 2041 rigat
767 1977 858 2019 arma
874 1977 994 2022 eruore.

249 2061 317 2127 Olli
332 2062 414 2126 dura
429 2061 520 2145 quies
536 2060 645 2126 oeulos
660 2067 694 2125 et
710 2060 831 2124 ferrens
848 2069 942 2145 urget

250 2168 401 2251 Somnus,
417 2166 453 2232 in
469 2175 634 2232 aeternam
650 2167 851 2232 clauduntur
864 2167 992 2231 lumina
1007 2173 1145 2234 noctem.
1243 2169 1310 2233 310

249 2273 298 2338 At
313 2273 388 2358 pius
404 2271 533 2338 Aeneas
548 2274 699 2338 dextram
714 2273 871 2338 tendebat
886 2273 1053 2338 inermem.

248 2377 383 2444 Nudato
400 2378 519 2464 eapite,
536 2385 636 2464 atque
653 2400 727 2444 suos
743 2379 883 2443 clamore
899 2378 1055 2444 vocabat:

249 2483 354 2564 “Quo
370 2484 474 2567 ruitis,
492 2505 615 2568 quaeve
630 2483 695 2548 ista
710 2505 823 2568 repens
839 2483 999 2547 discordia
1014 2482 1148 2568 surgit?

249 2589 269 2622 “
285 2590 313 2657 Ο
331 2591 478 2656 cohibete
493 2590 558 2654 iras
573 2595 580 2656 l
628 2591 740 2655 Ictum
751 2589 821 2674 jam
836 2583 948 2654 foedus
965 2595 999 2654 et
1012 2610 1123 2654 omnes

249 2694 270 2726 “
285 2677 491 2778 Compositae
507 2693 613 2778 leges:
638 2693 720 2758 mihi
731 2693 786 2778 jus
802 2713 990 2758 concurrere
1007 2693 1082 2759 soli:
1243 2695 1310 2761 315

130 2799 133 2806 ’
248 2798 269 2830 “
280 2797 335 2862 Me
351 2798 458 2881 sinite,
475 2805 575 2881 atque
591 2797 716 2862 auferte
732 2805 849 2863 metus.
895 2796 967 2882 Ego
981 2795 1110 2861 foedera
1124 2797 1203 2862 faxo

250 2903 396 2968 “Firma
410 2923 529 2968 manu:
558 2903 707 2966 Turnum
723 2903 843 2972 debent
858 2901 937 2965 haee
949 2899 1020 2985 jam
1037 2901 1119 2964 mihi
1137 2901 1262 2969 saera.'’

246 3010 317 3075 Has
332 3009 418 3074 inter
431 3030 536 3091 voces,
554 3009 662 3074 media
677 3009 764 3073 inter
779 3009 860 3073 talia
875 3008 984 3091 verba,

246 3117 345 3199 Eece,
362 3116 430 3180 viro
447 3115 586 3180 stridens
601 3114 660 3180 alis
677 3115 801 3200 allapsa
818 3114 940 3200 sagitta
956 3120 1016 3198 est,

245 3223 426 3306 Incertum,
445 3243 510 3307 qua
526 3221 620 3306 pulsa
636 3241 747 3305 manu,
765 3241 829 3305 quo
846 3220 976 3285 turbine
992 3221 1122 3304 adacta,
1238 3220 1309 3284 320

246 3329 326 3410 Quis
341 3335 474 3393 tantam
489 3327 624 3391 Rutulis
639 3327 781 3410 laudem,
798 3346 933 3391 casusne
950 3326 1082 3408 deusne,

244 3433 431 3500 Attulerit:
458 3423 566 3518 pressa
582 3441 632 3498 est
648 3432 784 3518 insignis
800 3432 901 3517 gloria
916 3432 1007 3515 facti,

153 3611 156 3616 ,
244 3540 315 3605 Nee
333 3561 400 3604 sese
416 3538 547 3603 Aeneae
559 3537 699 3622 jactavit
714 3539 847 3602 vulnere
863 3537 1046 3622 quisquam.

313 3644 456 3729 Turnus,
474 3651 513 3708 ut
530 3643 666 3709 Aenean
682 3645 851 3710 cedentem
868 3664 909 3707 ex
924 3643 1054 3728 agmine
1070 3642 1155 3708 vidit

245 3750 472 3834 Turbatosque
488 3751 597 3833 duces,
615 3749 723 3814 subita
740 3769 796 3834 spe
812 3747 954 3812 fervidus
969 3749 1063 3812 ardet
1079 3769 1086 3814 :
1241 3749 1306 3814 325

180 3935 182 3938 ¹
245 3855 358 3922 Poscit
374 3877 472 3940 equos
487 3862 588 3940 atque
604 3877 694 3920 arma
710 3855 819 3938 simul,
838 3854 990 3938 saltuque
1007 3853 1166 3938 superbus

169 3977 171 3982 '
244 3963 375 4028 Emicat
391 3960 425 4024 in
442 3981 574 4026 currum
590 3967 623 4026 et
639 3960 792 4025 manibus
807 3959 942 4024 molitur
956 3958 1111 4024 habenas.
