2944 4522
227 281 294 348 228
599 299 768 346 snunmos
791 300 857 346 nra.
884 300 916 348 x.

228 457 250 491 ‘⁶
260 458 371 544 Nunc,
387 482 407 525 o
421 459 507 525 lecta
522 481 652 543 manus,
669 460 788 526 validis
802 459 985 526 incumbite
1000 461 1117 544 remis;

229 563 250 596 “
263 565 393 650 Tollite,
409 565 492 631 ferte
508 571 614 647 rates;
638 565 806 630 inimicam
821 565 937 631 findite
954 566 1067 632 rostris
1223 568 1290 634 295

230 669 252 702 “
266 669 361 735 Hanc
378 678 508 752 terram,
526 671 717 755 sulcumque
734 671 796 736 sibi
811 681 939 756 premat
954 672 1027 758 ipsa
1043 673 1172 740 carina!

229 774 422 861 “Frangere
438 797 497 840 nec
514 775 575 840 tali
591 777 730 861 puppim
747 776 889 842 statione
905 798 1026 862 recus0,

229 880 249 912 “
261 880 403 966 Arrepta
418 881 535 945 tellure
551 881 681 947 semel.’'
728 881 820 963 Quae
837 883 917 948 talia
932 889 1111 968 postquam

227 984 360 1050 Effatus
377 985 537 1070 Tarchon,
551 985 628 1051 socii
644 1007 835 1072 consurgere
851 988 965 1072 tonsis,

230 1092 494 1176 spumantesque
510 1099 599 1157 rates
614 1092 699 1158 arvis
714 1092 831 1157 inferre
847 1091 987 1178 Latinis,
1225 1095 1291 1159 300

230 1195 341 1261 Donec
358 1203 459 1262 rostra
474 1203 589 1261 tenent
606 1197 736 1264 siccum.
784 1198 832 1263 Et
848 1199 956 1263 sedere
973 1197 1100 1263 carinae

231 1301 354 1368 Omnes
369 1303 548 1385 innocuae;
573 1304 629 1368 sed
645 1324 710 1368 non
726 1304 847 1389 puppis
863 1311 933 1388 tua,
951 1304 1110 1371 Tarchon.

229 1407 382 1492 Namque
396 1407 523 1472 inflicta
538 1407 630 1474 vadis
644 1408 738 1472 dorso
753 1408 833 1472 dum
848 1408 971 1493 pendet
988 1408 1111 1494 iniquo,

228 1511 360 1596 Anceps
376 1517 563 1576 sustentata
578 1511 647 1595 diu,
663 1511 850 1596 fluctusque
865 1513 1008 1600 fatigat3

231 1616 374 1682 Solvitur
388 1624 489 1702 atque
506 1616 588 1682 viros
603 1617 719 1683 mediis
735 1619 869 1703 ex'ponit
884 1619 919 1684 in
936 1620 1043 1704 undis,
1224 1620 1291 1686 305

228 1721 405 1806 Fragminn
420 1742 581 1786 remorum
597 1742 676 1806 quos
693 1729 727 1786 et
742 1721 910 1787 fluitantia
925 1729 1069 1788 transtra

230 1827 433 1913 Impediunt,
451 1826 652 1911 retrahitque
668 1828 766 1912 pedes
783 1827 882 1892 simul
897 1829 987 1892 unda
1002 1828 1156 1892 relabens.

230 1931 299 1996 Nec
316 1932 466 1995 Turnum
482 1931 587 2017 segnis
603 1931 724 1996 retinet
739 1953 848 2013 mora3
874 1933 930 1998 sed
946 1933 1033 2018 rapit
1048 1954 1122 1997 acer

231 2035 349 2100 Totam
365 2036 467 2100 aciem
483 2035 518 2100 in
535 2035 686 2119 Teucros,
704 2044 737 2100 et
753 2044 867 2101 contra
881 2036 918 2102 in
932 2037 1026 2101 litore
1043 2036 1140 2102 sistit.

232 2140 332 2226 Signa
348 2147 480 2206 canunt.
527 2139 660 2204 Primus
675 2146 803 2204 turmas
818 2139 939 2206 invasit
955 2149 1100 2227 agrestes
1226 2141 1293 2206 310

230 2245 370 2330 Aeneas,
388 2266 482 2310 omen
498 2266 638 2330 pugnae,
657 2246 838 2330 stravitque
853 2245 1000 2330 Latinos,

231 2351 346 2417 Occiso
363 2350 521 2435 Therone,
539 2352 646 2416 virum
661 2351 718 2434 qni
734 2351 897 2416 maximus
912 2351 1001 2417 ultro

230 2455 367 2520 Aenean
383 2455 477 2540 petit.
527 2453 614 2520 Huic
632 2454 741 2539 gladio
756 2476 878 2539 perque
894 2477 988 2520 aerea
1003 2463 1090 2539 suta,

231 2561 295 2624 Per
310 2560 458 2626 tunicam
475 2559 682 2644 squalentem
698 2581 786 2644 auro,
803 2561 891 2624 latus
907 2560 1018 2624 haurit
1033 2567 1195 2646 apertum.

230 2667 313 2732 Inde
329 2667 455 2732 Lichan
470 2667 555 2751 ferit,
574 2673 743 2732 exsectum
755 2665 827 2751 jam
842 2674 947 2732 matre
962 2674 1120 2752 peremta,
1227 2669 1293 2734 315

230 2772 277 2836 Et
293 2772 364 2856 tibi,
382 2772 523 2856 Phoebe,
541 2793 680 2856 sacrum,
698 2793 790 2837 casus
807 2773 941 2840 evadere
958 2772 1034 2837 ferri

233 2879 327 2958 Quod
342 2878 438 2942 licuit
454 2899 561 2962 parvo.
609 2877 678 2942 Nec
694 2877 800 2962 longe,
819 2877 932 2943 Cissea
946 2879 1068 2943 durum

231 2985 481 3069 Immanemqne
498 2983 605 3068 Gyan,
623 2991 804 3049 sternentes
820 2983 952 3069 agmina
967 2985 1070 3068 clava,

233 3088 362 3175 Dejecit
378 3090 462 3157 leto:
487 3090 569 3154 nihil
584 3090 655 3154 illos
671 3087 821 3154 Herculis
837 3111 928 3154 arma

233 3196 302 3261 Nec
319 3195 446 3261 validae
458 3195 570 3280 juvere
586 3216 703 3259 manus
719 3195 909 3281 genitorque
925 3194 1122 3281 Melampus,
1228 3195 1294 3258 320

233 3301 370 3367 Alcidae
386 3323 502 3386 comes,
519 3321 621 3384 usque
637 3321 750 3385 graves
765 3301 846 3365 dum
861 3307 948 3365 terra
964 3301 1091 3366 labores

233 3407 398 3473 Praebuit.
444 3406 530 3471 Ecce
547 3405 664 3489 Pham,
681 3426 774 3470 voces
790 3405 871 3471 dum
881 3403 991 3490 jactat
1006 3405 1137 3488 inertes,

233 3511 430 3596 Intorquens
441 3511 590 3596 jaculum
605 3509 764 3576 clamanti
779 3509 868 3575 sistit
885 3509 920 3574 in
936 3531 997 3576 ore.

235 3617 288 3680 Tu
304 3638 442 3701 quoque,
459 3616 636 3680 flaventem
651 3615 756 3701 prima
771 3615 926 3701 lanugine
942 3615 1046 3680 malas

235 3723 326 3787 Dum
342 3722 482 3806 sequeris
498 3722 650 3807 Clytium
664 3719 789 3805 infelix,
806 3741 890 3785 nova
906 3720 1038 3806 gaudia,
1057 3719 1183 3806 Oydon,
1231 3719 1296 3785 325

235 3826 404 3892 Dardania
419 3833 542 3892 stratus
557 3826 682 3908 dextra,
701 3846 831 3890 securus
847 3846 1006 3908 amorum,

236 3931 300 4011 Qui
311 3930 471 4016 juvenum
488 3930 546 3994 tibi
564 3950 690 4015 semper
705 3938 808 4014 erant,
821 3928 1002 3995 miserande
1013 3929 1138 4014 jaceres
1153 3949 1163 4012 3
