2944 4522
533 295 704 344 Annnrnos
726 295 791 346 ms.
816 295 849 344 X.

159 457 205 522 Ni
219 457 359 524 fraturm
375 455 504 542 stipata
519 457 631 522 cohors
646 457 728 522 foret
744 457 850 541 obvia,
868 456 987 521 Phorci

159 563 346 649 Progenies,
363 570 492 649 septem
507 583 660 629 numero:
687 571 885 649 septenaque
902 563 969 626 tela

159 668 348 754 Oonjioiunt
363 689 373 751 ;
397 667 523 753 partim
537 668 631 751 galea
647 669 813 753 clipeoque
830 669 992 734 resultant
1160 665 1227 729 330

160 775 269 857 Irrita,
287 772 422 838 deflexit
438 771 560 857 partim
577 772 772 858 stringentia
789 795 904 858 corpus

160 879 261 943 Alma
277 877 400 942 Venus.
448 876 572 940 Fidum
588 875 717 942 Aeneas
738 877 859 942 affatur
874 878 1045 943 Achaten:

162 981 183 1015 “
198 983 339 1068 Suggere
355 981 423 1046 tela
439 981 543 1048 mihi:
568 1003 633 1046 non
649 983 755 1046 ullum
771 983 907 1046 dextera
921 982 1041 1047 frustra

162 1088 337 1153 “Torserit
353 1086 388 1151 in
404 1086 556 1171 Rutulos,
575 1093 739 1174 steterunt
755 1109 838 1172 quae
856 1088 891 1152 in
907 1109 1035 1173 corpore
1052 1086 1191 1153 Graium

163 1193 183 1225 “
197 1193 308 1258 Iliacis
324 1192 479 1278 eampis.'’
527 1193 616 1256 Turn
630 1215 786 1278 magnam
801 1193 932 1278 corripit
946 1196 1089 1276 hastam,
1162 1193 1226 1258 335

161 1297 206 1362 Et
220 1297 322 1381 jacit:
347 1297 405 1362 illa
420 1299 533 1362 volans
548 1298 644 1384 clipei
659 1299 899 1364 transverberat
915 1320 990 1363 aera
1100 1309 1103 1316 '

162 1403 319 1487 Maeonis,
338 1411 371 1468 et
387 1403 522 1470 thoraca
538 1403 636 1468 simul
651 1425 729 1468 cum
744 1413 873 1490 pectore
890 1404 1022 1490 rumpit.

163 1509 252 1574 Huic
267 1509 369 1573 frater
384 1509 474 1574 subit
490 1507 641 1594 Alcanor,
657 1509 857 1594 fratremque
873 1518 1023 1576 ruentem

146 1617 338 1682 ‘Sustentat
347 1616 489 1680 dextra:
515 1614 653 1700 trajecto
665 1615 765 1680 missa
779 1614 903 1681 lacerto’

163 1721 316 1786 Protinus
332 1721 430 1786 hasta
444 1719 530 1806 fugit
546 1728 718 1805 servatque
734 1729 869 1786 cruenta
884 1728 1039 1803 tenorem,
1161 1719 1228 1784 340

163 1827 375 1911 Dexteraque
391 1847 432 1890 ex
447 1826 581 1891 humero
597 1825 703 1894 nervis
719 1826 912 1892 moribunda
927 1826 1094 1912 pependit.

164 1931 253 1995 Tum
268 1931 435 2016 Numitor,
447 1929 556 2015 jaculo
571 1929 682 1996 fratris
697 1932 738 1996 de
754 1952 883 2017 corpore
898 1937 1005 2018 rapte,

164 2035 301 2100 Aenean
316 2035 414 2120 petiit
428 2056 437 2118 ;
464 2035 520 2100 sed
536 2057 600 2101 non
617 2043 651 2100 et
666 2036 762 2122 figere
778 2043 891 2100 contra

164 2140 227 2206 Est
242 2140 382 2224 licitum,
399 2141 575 2226 magnique
590 2140 698 2205 femur
712 2140 905 2226 perstrinxit
921 2140 1080 2205 Achatae.

165 2245 230 2310 Hie
248 2245 397 2330 Curibus,
414 2245 519 2311 fidens
534 2245 701 2332 primaevo
717 2267 857 2332 corpore,
876 2245 1015 2312 Clausus
1164 2243 1229 2312 345

166 2351 325 2435 Advenit,
343 2358 376 2415 et
393 2350 497 2436 rigida
513 2350 679 2436 Dryopem
694 2351 769 2416 ferit
785 2351 911 2416 eminus
926 2350 1022 2415 hasta

169 2455 238 2522 Sub
254 2463 406 2519 mentum
422 2455 564 2542 graviter
578 2477 697 2541 pressa,
714 2455 900 2542 pariterque
916 2455 1080 2540 loquentis

167 2559 292 2624 Vocem
309 2560 516 2646 animamque
532 2560 619 2646 rapit
636 2561 772 2646 trajecto
788 2568 924 2648 gutture
941 2581 949 2643 ;
975 2568 1010 2626 at
1026 2562 1081 2628 ille

167 2665 289 2730 Fronte
304 2666 380 2730 ferit
396 2674 517 2730 terram
533 2674 567 2731 et
584 2687 727 2732 erassum
743 2666 845 2731 vomit
861 2688 913 2732 ore
929 2689 1084 2734 cruorem.

169 2771 247 2836 Tres
263 2793 391 2856 quoque
408 2771 572 2838 Threicios
589 2772 711 2836 Boreae
727 2773 767 2837 de
783 2786 881 2858 gente
897 2794 1058 2859 suprema,
1160 2773 1230 2839 350

169 2876 215 2943 Et
231 2885 308 2959 tros,
326 2895 406 2960 quos
424 2876 501 2941 Idas
518 2884 613 2961 pater
628 2885 662 2940 et
679 2876 787 2962 patria
803 2877 928 2942 Ismara
945 2877 1062 2962 mittit,

169 2981 232 3046 Per
247 2980 351 3045 varios
368 2979 486 3045 sternit
503 3001 604 3046 casus.
652 2979 805 3045 Accurrit
822 2981 986 3047 Halaesus

169 3086 409 3170 Auruncaeque
425 3107 553 3168 manus,
573 3085 663 3151 subit
680 3094 714 3151 et
730 3086 902 3173 Neptunia
918 3088 1035 3174 proles,

169 3190 312 3277 Insignis
328 3191 500 3277 Messapus
516 3191 616 3276 equis.
663 3191 835 3276 Expellere
852 3193 994 3257 tendunt

169 3296 270 3360 Nunc
285 3295 331 3380 hi,
348 3317 437 3360 nunc
452 3294 524 3378 illi3
550 3303 697 3361 certatur
711 3296 824 3361 limine
839 3295 874 3360 in
890 3295 960 3380 ipso

169 3400 344 3466 Ausoniae.
392 3399 514 3485 Magno
529 3399 689 3466 discordes
705 3401 836 3464 aethere
852 3399 945 3464 venti

169 3505 297 3570 Proelia
313 3527 374 3569 ceu
388 3506 513 3570 tollunt
528 3505 646 3571 animis
662 3513 695 3570 et
711 3505 834 3569 viribus
850 3503 962 3589 aequis
976 3525 985 3586 ;

170 3609 246 3674 Non
262 3608 326 3695 ipsi
340 3609 427 3674 inter
442 3631 485 3694 se,
502 3631 568 3675 non
582 3609 704 3692 nubila,
721 3631 788 3673 non
803 3611 892 3672 mare
908 3607 1017 3690 cedit;

171 3715 305 3800 Auceps
320 3735 432 3801 pugna
447 3715 506 3780 diu
515 3735 525 3798 ;
550 3722 640 3780 stant
657 3713 777 3779 obnixa
793 3713 902 3778 omnia
918 3721 1052 3780 contra:
1153 3781 1154 3786 ,

172 3819 273 3885 Haud
288 3820 383 3884 aliter
399 3819 558 3904 Trojanae
573 3819 659 3884 acies
675 3818 825 3904 aciesque
840 3817 980 3884 Latinae

174 3923 390 4010 Concurrunt,
406 3926 519 3990 haeret
535 3925 617 4010 pede
632 3945 690 4010 pes
705 3924 888 4009 densusque
904 3923 972 3988 viro
985 3923 1042 3990 vir.
