2944 4522
379 1104 382 1112 ·
447 1061 486 1128 P.
517 1059 711 1127 VIRGILII
741 1057 933 1128 uluolls

366 1205 1013 1361 nunninus

442 1498 588 1571 LIBER
609 1503 933 1603 DUODEOIMUS.

582 1715 796 1741 -—-·00§—

161 1855 292 1924 Turnus
307 1861 348 1918 ut
362 1853 517 1918 infractos
533 1854 666 1918 adverso
683 1851 791 1916 Marte
807 1851 943 1919 Latinos

160 1957 325 2038 Defecisse
343 1957 441 2042 videt,
459 1979 518 2023 sua
532 1978 620 2022 nunc
636 1957 792 2042 promissa
807 1957 941 2043 reposci,

162 2061 203 2128 Se
219 2061 340 2147 signari
355 2061 481 2144 oculis;
506 2061 592 2126 ultro
606 2059 824 2146 implacabilis
840 2061 945 2145 ardet,

160 2165 366 2250 Attollitque
382 2165 513 2231 animos.
562 2166 743 2230 Poenorum
759 2164 865 2249 qualis
880 2165 916 2230 in
930 2165 1027 2249 arvis,

162 2270 300 2340 Saucius
315 2271 372 2335 ille
387 2270 478 2356 graui
491 2278 673 2336 venantum
687 2270 820 2334 vulnere
836 2276 964 2354 pectus,
1202 2275 1224 2342 5

162 2376 250 2446 'rum
265 2377 398 2441 demum
413 2383 522 2440 movet
538 2397 628 2440 arma
642 2375 710 2458 lec,
720 2375 906 2460 gaudetque
923 2383 1090 2442 comentes

162 2481 345 2546 Excutiens
361 2481 482 2561 cervice
497 2487 595 2563 toros,
612 2479 781 2564 fixumque
797 2479 932 2546 latronis

125 2661 130 2672 ¹
162 2587 354 2674 Impavidus
369 2586 491 2672 frangit
506 2587 622 2670 telum,
640 2593 674 2650 et
689 2585 801 2650 fremit
818 2607 871 2651 ore
888 2594 1045 2655 cruento:

166 2692 266 2758 Haud
283 2695 375 2758 secus
391 2713 525 2757 accenso
540 2691 648 2776 gliscit
663 2691 820 2756 violentia
836 2692 955 2759 Turno¹

93 2801 96 2806 '
165 2797 254 2862 Tum
269 2797 315 2863 sie
331 2796 454 2861 affatur
468 2817 588 2882 regem,
605 2804 705 2882 atque
719 2797 768 2861 ita
783 2797 936 2863 turbidus
951 2798 1027 2863 infit
1042 2821 1049 2864 :
1183 2800 1225 2864 10

166 2901 304 2966 “Nulla
319 2923 409 2966 mora
424 2901 460 2966 in
476 2901 588 2965 Turno
602 2921 611 2983 ;
635 2901 717 2966 nihil
733 2909 783 2966 est
800 2903 887 2987 quod
903 2903 991 2969 dicta
1008 2910 1190 2968 retractent

163 3004 186 3040 “
196 3006 314 3092 ignavi
329 3004 512 3090 Aeneadae,
528 3027 598 3090 nec,
616 3026 700 3090 quae
716 3007 877 3092 pepigere,
895 3016 1053 3076 recusent.

63 3182 74 3200 .
165 3110 186 3144 “
198 3110 401 3196 Congredior.
449 3111 514 3176 Fer
530 3132 630 3196 sacra,
647 3119 752 3196 pater,
770 3120 804 3177 et
820 3113 951 3198 concipe
966 3113 1090 3180 foedus.

164 3213 270 3280 “Aut
285 3215 347 3280 hac
363 3215 569 3292 Dardanium
585 3216 700 3304 dextra
716 3218 776 3282 sub
793 3216 931 3282 Tartara
946 3217 1091 3303 mittam,

164 3318 187 3352 “
202 3319 686 3402 DesertoremAsiae-sedeant
702 3328 917 3406 spectentque
932 3321 1082 3407 Latini-,
1185 3325 1226 3389 15

165 3424 246 3489 “Et
262 3425 347 3490 solus
362 3425 445 3490 ferro
460 3425 583 3490 crimen
598 3447 768 3492 commune
784 3426 950 3510 refellam3

165 3529 273 3595 “Aut
288 3530 410 3596 hebeat
425 3530 537 3614 victos,
555 3531 650 3596 cedat
666 3531 805 3596 Lavinia
820 3531 973 3617 conjux.''

166 3634 234 3701 Olli
250 3636 363 3700 sedato
379 3635 545 3720 respondit
560 3637 654 3702 corde
669 3635 832 3702 Latinus:
949 3724 950 3727 Ἴ

167 3739 230 3806 “0
247 3748 417 3826 praestans
433 3741 535 3806 animi
547 3741 686 3827 juvenis,
703 3750 867 3826 quantum
881 3743 950 3830 ipse
965 3745 1063 3811 feroci

167 3843 340 3910 “Virtute
356 3867 541 3931 exsuperas,
558 3853 653 3912 tanto
668 3867 720 3911 me
735 3846 913 3932 impensius
930 3871 1072 3936 aequum
1087 3857 1139 3916 est
1182 3851 1227 3916 20

167 3949 190 3982 “
203 3949 378 4016 Oonsulere
394 3957 496 4034 atque
511 3971 622 4016 omnes
637 3959 841 4018 metuentem
856 3955 1034 4041 expendere
1050 3975 1151 4022 casus.
