2898 4518
248 307 313 374 134
605 326 777 374 1011111000
800 327 864 375 nra.
889 327 936 374 v1.

249 488 268 518 “
282 487 380 552 Hunc
397 493 532 552 tautum
548 487 609 552 tibi
624 508 676 552 me
692 487 837 553 discessu
852 467 932 552 ferre
946 487 1098 552 dolorem.

249 595 269 625 “
285 593 370 658 Siste
385 594 534 679 gradum,
552 602 650 678 teque
667 594 826 678 adspectu
841 615 882 658 ne
898 593 1055 658 subtrahe
1076 603 1194 657 nostro.
1246 593 1313 658 465

249 699 390 781 “Quem
405 698 521 784 fugis?
539 704 733 781 extremum,
747 698 816 762 fato
833 700 919 782 quod
934 706 969 762 te
986 698 1140 782 alloquor,
1156 698 1215 761 hoc
1233 698 1313 762 est.”

249 805 386 870 Talibus
403 804 532 869 Aeneas
548 805 717 870 ardentem
733 812 767 870 et
784 811 876 869 torva
892 811 1044 868 tuentem

249 909 388 976 Lenibat
405 909 502 974 dictis
518 907 677 992 animum,
694 909 909 994 lacrimasque
926 908 1053 990 ciebat;

249 1015 312 1080 Illa
328 1014 393 1079 solo
408 1013 491 1078 fixos
506 1013 613 1078 oculos
630 1035 741 1078 aversa
757 1013 907 1094 tenebat,

250 1118 320 1183 Nec
337 1117 442 1204 magis
457 1117 586 1201 incepto
602 1116 734 1182 vultum
750 1137 895 1182 sermone
913 1123 1071 1200 movetur,
1248 1114 1317 1182 470
1440 1101 1441 1168 ἶ

251 1224 359 1304 Quam
375 1222 403 1288 si
418 1223 500 1288 dura
516 1221 598 1287 silex
613 1230 672 1286 aut
690 1229 755 1286 stet
773 1221 936 1307 Marpesia
952 1228 1073 1288 cautes.

251 1328 402 1393 Tandem
419 1327 576 1414 corripuit
592 1349 669 1412 sese,
688 1335 789 1412 atque
803 1327 937 1394 inimica
953 1327 1075 1414 refugit

241 1429 293 1498 'In
308 1455 422 1500 nemus
436 1433 661 1517 umbriferum,
679 1432 798 1518 conjux
814 1433 872 1498 ubi
886 1432 1045 1518 pristinus
1060 1433 1109 1498 illi

252 1539 440 1624 Respondet
456 1537 540 1604 curis
556 1545 741 1622 aequatque
759 1537 923 1622 Sychaeus
938 1558 1089 1602 amorem.

252 1644 321 1710 Nec
337 1643 446 1709 miuus
462 1643 602 1727 Aeneas,
619 1664 697 1708 casu
713 1665 884 1728 percussus
899 1643 1023 1728 iniquo,
1251 1638 1319 1709 475

253 1750 465 1836 Prosequitur
480 1749 653 1814 lacrimans
668 1750 763 1835 louge
780 1757 814 1814 et
830 1749 1002 1814 miseretur
1016 1756 1159 1816 euntem.

320 1857 403 1922 Inde
419 1857 537 1922 datum
553 1856 689 1920 molitur
703 1856 774 1922 iter.
821 1855 1059 1940 Jamquearva
1074 1856 1236 1921 tenebant

254 1962 399 2045 Ultima,
416 1983 500 2046 quae
515 1961 600 2027 bello
618 1963 695 2028 clari
711 1971 834 2028 secreta
849 1963 1070 2047 frequentant.

254 2069 319 2134 Hic
334 2068 384 2133 illi
399 2067 539 2132 occurrit
555 2067 697 2152 Tydeus,
714 2068 767 2133 hic
783 2069 926 2154 inclytus
942 2068 1040 2133 armis

255 2174 522 2258 Parthenopaeus
538 2179 572 2238 et
588 2171 725 2237 Adrasti
740 2173 895 2258 pallentis
906 2173 1036 2258 imago;
1255 2170 1324 2236 480

255 2279 320 2343 Hic
336 2279 483 2342 multum
497 2277 569 2342 fieti
585 2278 628 2343 ad
645 2299 777 2363 superos
792 2278 941 2364 belloque
957 2278 1072 2343 caduci

257 2384 476 2469 Dardanidae,
494 2406 575 2470 quos
589 2384 645 2449 1110
661 2405 771 2468 omues
786 2386 882 2471 longo
898 2387 1007 2451 ordine
1024 2405 1156 2450 cernens

256 2490 435 2576 Ingemuit,
453 2490 682 2574 Glaucumque
699 2489 920 2576 Medontaque
938 2490 1265 2576 Thersilochumque,

257 2596 337 2660 Tres
352 2595 581 2678 Antenoridas,
600 2595 772 2682 Cererique
789 2618 919 2662 sacrum
935 2595 1172 2682 Polyphoeten,

257 2701 470 2784 Idaeumque,
487 2700 589 2765 etiam
604 2721 727 2784 currus,
745 2701 847 2766 etiam
863 2723 953 2766 arma
969 2708 1145 2767 tenentem.
1257 2699 1325 2766 485

258 2806 484 2872 Circumstant
499 2806 627 2872 animae
643 2808 758 2872 dextra
773 2808 930 2892 laevaque
946 2807 1140 2893 frequentes.

259 2911 328 2977 Nec
345 2912 462 2977 vidisse
479 2913 579 2977 semel
595 2913 674 2978 satis
690 2921 759 2979 est:
781 2913 877 2998 juvat
894 2933 997 2998 usque
1014 2913 1141 2997 morari,

259 3018 305 3082 Et
321 3019 461 3083 conferre
477 3019 625 3105 gradum,
643 3027 677 3083 et
692 3019 845 3083 veniendi
860 3017 984 3083 discere
1000 3039 1123 3084 causas.

259 3123 307 3188 At
324 3124 480 3190 Danaum
495 3145 639 3210 proceres
655 3124 999 3211 Agamemnoniaeque
1016 3123 1195 3210 phalanges

260 3229 312 3294 Ut
328 3229 435 3295 videre
450 3230 559 3294 virum
574 3229 799 3315 fulgentiaque
817 3252 907 3294 arma
924 3251 981 3315 per
996 3228 1139 3310 umbras,
1258 3227 1326 3294 490

259 3321 392 3420 Ingenti
407 3335 569 3422 trepidare
584 3343 696 3402 metu:
723 3357 797 3421 pars
812 3344 936 3400 vertere
952 3343 1053 3422 terga,

261 3439 331 3506 Ocu
346 3442 513 3526 quondam
528 3441 650 3527 petiere
666 3449 773 3523 rates;
798 3463 871 3526 pars
890 3441 1002 3505 tollere
1016 3461 1129 3504 vocem

261 3545 449 3632 Exiguam:
474 3547 626 3633 inceptus
641 3549 763 3612 clamor
776 3547 955 3612 frustratur
970 3545 1108 3610 hiantes.

263 3651 375 3737 Atque
391 3652 443 3716 hic
461 3653 649 3718 Priamiden
664 3653 827 3718 laniatum
844 3673 973 3737 corpore
990 3657 1062 3716 1010

264 3759 473 3844 Deiphobum
488 3759 582 3843 vidit,
600 3760 745 3824 lacerum
761 3758 937 3824 crudeliter
951 3779 1017 3840 ora,
1260 3755 1328 3822 495

264 3864 331 3931 Ora
346 3885 527 3949 manusque
543 3864 665 3947 ambas,
682 3865 904 3948 populataque
919 3870 1068 3946 tempora
1083 3859 1191 3946 raptis

263 3970 420 4052 Auribus,
437 3977 471 4033 01
488 3976 622 4034 truncas
638 3969 809 4033 inhonesto
825 3969 957 4033 vulnere
974 3987 1078 4032 nares.
