2944 4522
261 304 327 370 216
617 317 789 366 rhamnos
811 318 876 365 nra.
900 317 948 364 rx.
1001 349 1005 356 ,

259 480 402 562 Emicat,
419 485 453 543 11
469 477 583 543 mortis
597 476 760 542 fraternae
775 475 917 541 fervidus
932 474 980 538 ira

258 585 406 650 Effatur:
433 581 455 616 “
467 582 543 648 Non
557 583 638 647 haec
654 581 774 648 dotalis
789 581 878 666 regia
893 579 1047 661 Amatae,

260 690 281 723 “
294 689 363 754 Nec
379 689 480 754 muris
495 687 624 754 cohibet
640 685 758 771 patriis
774 685 881 749 media
893 684 1003 748 Ardea
1020 683 1189 766 Τ111111;

261 793 282 826 “
296 792 412 859 Castra
426 791 559 856 inimica
574 791 663 855 vides
677 809 686 871 ;
710 789 802 854 nulla
816 788 892 852 hinc
909 787 996 852 exire
1012 789 1189 871 potestas.'’

260 896 326 962 Olli
342 895 510 962 subridens
526 895 637 960 sedato
653 900 782 979 pectore
799 892 947 957 Turnus:
1251 889 1319 958 740

261 1002 282 1036 “
296 1001 419 1087 Incipe,
437 1000 545 1085 siqua
560 1000 668 1064 animo
683 999 797 1082 virtus,
815 1005 848 1062 et
864 1018 993 1062 consere
1009 997 1181 1062 dextram:

260 1108 282 1141 “
296 1107 361 1172 Hic
377 1107 478 1172 etiam
492 1106 665 1170 inventum
680 1103 809 1169 Priamo
826 1103 971 1168 narrabis
987 1101 1168 1167 Achillen.”
1195 1155 1197 1160 .

261 1211 421 1293 Dixerat;
444 1210 499 1275 ille
515 1210 629 1275 rudem
644 1208 736 1274 nodis
752 1216 785 1273 et
802 1207 919 1272 1111111
935 1208 1035 1272 crudo

260 1316 434 1400 Interquet
450 1314 586 1380 summis
602 1314 742 1380 adnixus
758 1313 879 1378 viribus
895 1312 1035 1378 hastam.

260 1421 426 1505 Excepere
441 1439 557 1486 aurae:
582 1418 700 1483 vulnus
718 1416 871 1483 Saturnia
885 1416 910 1481 J
910 1439 975 1482 uno
1252 1409 1318 1481 745

261 1524 408 1590 Detorsit
422 1523 555 1589 veniens
571 1531 747 1608 portaeque
763 1522 911 1609 infigitur
925 1522 1028 1588 hasta.

261 1627 345 1693 “At
361 1650 426 1693 non
440 1627 500 1693 hoc
517 1628 632 1709 telum,
649 1648 723 1692 mea
738 1628 825 1712 quod
839 1627 873 1691 vi
888 1627 1022 1690 dextera
1037 1631 1153 1708 versat,

262 1732 282 1765 “
295 1732 442 1818 Effugies
457 1755 464 1799 :
490 1753 594 1817 neque
610 1732 697 1796 enim
713 1733 741 1798 is
756 1733 816 1798 teli
830 1753 889 1797 nec
905 1730 1046 1796 vulneris
1061 1731 1205 1796 auctor.''

263 1838 315 1904 Sic
331 1837 389 1921 ait,
407 1845 441 1902 et
457 1837 625 1903 sublatum
641 1837 708 1902 alte
726 1837 890 1922 consurgit
905 1837 941 1901 in
956 1857 1078 1918 ensem,

261 1941 308 2006 Et
323 1941 464 2006 mediam
479 1941 560 2006 ferro
574 1941 704 2025 gemina
719 1941 806 2006 inter
820 1949 966 2028 tempora
980 1941 1122 2006 frontem
1253 1935 1318 2006 750

264 2045 393 2110 Dividit
407 2046 619 2131 impubesque
634 2045 771 2110 immani
785 2046 917 2110 vulnere
933 2045 1046 2112 malas.

262 2149 320 2213 Fit
336 2170 453 2217 sonus:
478 2149 604 2235 ingenti
619 2169 774 2214 concussa
789 2155 838 2213 est
855 2148 997 2233 pondere
1012 2146 1120 2213 tellus.

263 2251 429 2338 Oollapsos
445 2261 536 2318 artus
551 2261 652 2339 atque
668 2275 759 2318 arma
775 2260 911 2318 cruenta
926 2252 1053 2317 cerebro

264 2355 389 2423 Sternit
404 2357 498 2432 humi
512 2357 662 2441 moriens,
679 2365 778 2441 atque
789 2356 839 2421 illi
854 2355 1003 2441 partibus
1019 2353 1131 2440 aequis

263 2459 338 2525 Huc
356 2468 455 2546 caput
471 2467 571 2545 atque
586 2461 664 2525 illuc
681 2461 814 2525 humero
830 2481 872 2524 ex
887 2470 1024 2544 utroque
1039 2457 1205 2546 pependit.
1253 2453 1318 2524 755

264 2564 452 2650 Diffugiunt
468 2564 550 2630 versi
565 2564 693 2649 trepida
707 2564 877 2630 formidine
895 2564 1012 2630 Troes:

263 2671 310 2735 hlt
327 2669 354 2734 si
370 2669 524 2734 continuo
539 2669 696 2734 victorem
711 2691 749 2734 ea
765 2691 841 2734 cura
857 2668 1006 2751 subisset,

263 2775 429 2859 Rumpere
445 2775 586 2839 claustra
602 2797 704 2840 manu
719 2774 883 2858 sociosque
898 2773 1077 2838 immittere
1094 2771 1207 2857 portis,

264 2878 414 2944 Ultimus
429 2877 485 2942 ille
501 2878 569 2943 dies
584 2878 667 2944 bello
682 2877 837 2964 gentique
852 2877 976 2943 finisset.

265 2983 329 3050 Sed
344 2983 433 3046 furor
448 2983 617 3047 ardentem
633 2983 803 3066 caedisque
818 2982 933 3047 insana
949 2981 1066 3066 cupido
1255 2976 1321 3046 760

263 3087 343 3174 Egit
360 3087 394 3151 in
410 3087 567 3154 adversos.

264 3191 429 3278 Principio
447 3191 613 3256 Phalerim
629 3200 663 3257 et
679 3190 802 3257 succiso
817 3191 941 3277 poplite
959 3190 1075 3276 Gygen

264 3295 409 3380 Excipit,
422 3295 497 3360 hinc
513 3302 623 3381 raptas
637 3294 839 3382 fugientibus
853 3295 972 3382 ingerit
987 3295 1099 3360 hastas

265 3399 306 3463 ln
322 3409 473 3482 tergum:
498 3397 523 3463 J
523 3420 588 3464 uno
603 3397 687 3464 vires
702 3398 916 3484 animumque
931 3398 1107 3463 ministrat.

265 3503 371 3568 Addit
387 3503 509 3587 Halym
526 3504 679 3569 comitem
695 3512 729 3569 11
745 3505 871 3569 confixa
887 3504 1017 3591 Phegea
1031 3525 1155 3589 parma,
1258 3500 1318 3569 765

265 3609 399 3694 Ignaros
415 3608 531 3674 deinde
546 3610 581 3673 in
597 3610 697 3675 muris
713 3609 919 3694 Martemque
935 3610 1055 3674 cientes

266 3712 532 3796 Alcandrumque
547 3711 745 3798 Haliumque
761 3712 999 3797 Noemonaque
1015 3712 1261 3797 Prytanimque.

267 3817 398 3901 Lyncea
412 3816 605 3880 tendentem
617 3804 732 3882 contra
748 3816 911 3901 sociosque
927 3825 1101 3881 vocantem

270 3918 426 3984 Vibranti
440 3918 549 4003 gladio
564 3920 722 3986 connixus
738 3921 779 3986 ab
794 3941 910 4007 aggere
926 3921 1042 3986 dexter
