2838 4522
455 307 716 355 erumnosus.
741 307 776 354 11.
1104 287 1149 360 47

104 463 172 530 “Di
186 467 289 553 patrii,
306 474 433 533 servate
445 468 591 552 domum,
609 473 735 534 servate
751 469 923 551 nepotem!

104 570 278 638 “Vestrum
292 573 351 639 hoc
367 572 554 659 augurium,
570 581 740 657 vestroque
756 572 792 638 in
805 571 941 638 numine
958 568 1056 655 Troja
1072 580 1131 636 est.

102 675 121 708 “
132 675 211 743 Oedo
226 679 378 763 equidem
394 698 465 762 nec,
482 685 572 762 nate,
589 677 652 743 tibi
667 699 773 743 comes
789 676 835 740 ire
851 676 990 742 recuso.'’

101 779 226 847 Dixerat
241 783 306 868 ille,
323 782 440 867 etjam
454 803 514 867 per
527 782 656 846 moenia
672 781 786 848 clarior
801 781 886 866 ignis
1064 769 1146 846 '705

99 883 241 972 Auditur,
259 886 456 973 propiusque
473 894 583 951 aestus
599 886 752 951 incendia
766 885 912 952 volvunt.

100 987 207 1076 “Ergo
222 1013 290 1078 age,
309 1013 380 1057 care
396 1000 500 1077 pater,
519 991 636 1056 cervici
650 991 815 1076 imponere
831 997 980 1072 nostrae;

100 1091 117 1124 “
128 1095 196 1180 Ipse
211 1097 325 1162 subibo
340 1097 495 1180 humeris,
513 1118 572 1161 nee
588 1118 641 1161 me
657 1096 748 1161 labor
762 1096 825 1161 iste
840 1095 1010 1180 gravabit:

99 1197 116 1229 “
131 1199 196 1280 Quo
210 1224 257 1267 res
273 1223 416 1287 cumque
431 1203 560 1286 cadent,
578 1223 684 1266 unum
700 1208 734 1266 et
750 1222 922 1266 commune
938 1200 1111 1286 periclum,

99 1301 117 1334 “
128 1303 200 1369 Una
215 1308 302 1373 salus
318 1307 476 1372 ambobus
492 1307 562 1373 erit.
610 1306 695 1371 Mihi
709 1328 828 1392 parvus
844 1305 938 1372 Iulus
1080 1302 1147 1373 Ι710

99 1408 117 1441 “
128 1408 174 1476 sit
189 1433 303 1497 eomes,
320 1420 354 1478 et
368 1412 463 1499 longa
479 1420 584 1478 servet
601 1412 739 1498 vestigia
755 1413 882 1498 conjux.
902 1469 905 1474 ,

98 1514 116 1546 “
127 1515 197 1602 Vos,
213 1517 341 1602 famuli,
359 1539 441 1602 quae
457 1518 574 1602 dicam,
592 1518 710 1583 animis
725 1518 886 1584 advertite
901 1517 1025 1584 vestris.

98 1619 184 1688 “Est
199 1623 277 1688 urbe
295 1622 428 1708 egressis
444 1623 594 1688 tumulus
609 1623 836 1709 templumque
852 1631 1023 1689 vetustum

98 1725 273 1794 “Desertae
292 1728 427 1810 Cereris,
441 1728 604 1814 juxtaque
620 1730 758 1815 antiqua
774 1751 945 1816 cupressus

97 1827 114 1861 “
125 1830 285 1919 Religione
301 1840 436 1918 patrum
450 1833 573 1898 multos
589 1841 717 1899 servata
732 1855 791 1918 per
806 1856 927 1918 anu0s3
1039 1855 1041 1860 ·
1079 1830 1145 1902 715

96 1931 114 1965 “
125 1933 214 2028 Hane
229 1959 270 2003 ex
286 1938 411 2003 diverso
427 1939 537 2003 sedem
553 1939 722 2004 veniemus
738 1939 773 2002 in
789 1960 898 2004 unam.

95 2036 114 2070 “
126 2039 182 2125 Tu,
199 2041 337 2128 genitor,
355 2063 433 2128 cape
450 2064 540 2108 sacra
555 2064 658 2107 manu
674 2043 861 2129 patriosque
878 2043 1043 2110 Penates:

94 2141 114 2175 “
125 2144 175 2210 Me
189 2146 272 2213 bello
288 2169 306 2212 e
322 2154 417 2213 tanto
432 2147 614 2234 digressum
629 2156 662 2212 et
679 2149 776 2213 caede
793 2147 916 2212 recenti

95 2247 113 2280 “
124 2249 306 2318 Attrectare
322 2251 422 2336 nefas,
439 2253 541 2318 donec
557 2273 610 2317 me
626 2251 762 2317 flumine
777 2251 851 2318 vivo

95 2351 291 2424 “Abluero.”
1079 2355 1147 2426 720

151 2460 239 2528 Haec
255 2462 357 2546 fatus,
374 2463 458 2529 latos
473 2463 624 2529 humeros
641 2463 852 2549 subjectaque
869 2463 952 2530 colla
1027 2527 1029 2530 .

93 2561 184 2630 Veste
199 2587 297 2652 super
310 2565 458 2652 fulvique
474 2567 635 2634 insternor
652 2568 737 2656 pelle
753 2568 864 2652 leonis,

92 2666 291 2758 Succedoque
307 2671 415 2754 oneri;
441 2673 577 2738 dextrae
593 2694 626 2738 se
641 2695 761 2759 parvus
777 2672 871 2738 Iulus

90 2771 252 2859 Impliouit
270 2776 485 2861 sequiturque
501 2785 631 2862 patrem
646 2799 711 2841 non
728 2777 879 2863 passibus
896 2777 1031 2862 aequis3

89 2876 170 2944 Pone
187 2881 278 2946 subit
293 2881 420 2966 conjux,
467 2881 619 2946 Ferimur
633 2903 692 2967 per
707 2903 807 2967 opaca
821 2883 986 2964 locorum;
1079 2879 1145 2950 725

89 2981 130 3047 Et
140 3006 201 3071 me,
218 3007 319 3072 quem
334 2987 461 3052 dudum
476 3008 542 3052 non
557 2987 625 3051 ulla
639 2985 761 3073 injecta
776 2988 951 3052 movebant

88 3086 163 3153 Tela
177 3105 285 3176 neque
301 3092 433 3156 adverso
449 3092 618 3178 glomerati
634 3114 674 3158 ex
690 3093 819 3179 agmine
836 3092 939 3176 Graii,

87 3190 178 3260 Nunc
195 3218 309 3262 omnes
324 3203 449 3261 terrent
464 3218 573 3281 aurae,
592 3220 689 3264 sonus
705 3199 830 3264 excitat
846 3197 951 3263 omnis

88 3298 288 3386 Suspensum
304 3308 338 3366 et
352 3301 476 3387 pariter
492 3302 668 3388 comitique
684 3305 838 3389 onerique
854 3303 1039 3369 timentem.

85 3401 107 3468 J
108 3424 224 3490 amque
239 3406 500 3492 propinquabam
517 3408 620 3492 portis
635 3429 830 3493 omnemque
845 3408 978 3473 videbar
1079 3404 1146 3476 730

86 3506 229 3575 Evasisse
245 3509 346 3595 viam,
356 3511 472 3576 subito
488 3533 592 3596 quum
608 3512 717 3577 creber
733 3513 775 3577 ad
790 3533 885 3578 aures

86 3609 180 3679 Visus
196 3614 310 3680 adesse
326 3615 448 3700 pedum
464 3616 601 3700 sonitus,
618 3615 810 3701 genitorque
827 3637 885 3702 per
900 3619 1055 3683 umbram

86 3714 287 3805 Prospiciens
301 3719 322 3752 “
333 3719 452 3804 Nate‚’'
466 3721 629 3785 exclamat
644 3719 665 3753 “
674 3719 766 3806 fuge,
777 3729 874 3805 uate;
900 3723 1143 3809 propinquant:

86 3819 283 3890 “Ardentes
299 3825 418 3910 clipeos
434 3833 535 3910 atque
551 3846 627 3890 aera
643 3825 801 3892 micantia
816 3829 942 3894 carnc.''

85 3926 144 3996 Hic
159 3931 246 3996 mihi
261 3928 370 3994 nescio
385 3931 472 4013 quod
488 3929 615 4016 trepido
630 3931 716 3996 male
732 3953 856 3996 numen
873 3930 1018 3996 amicum
1078 3926 1145 3998 735
