2898 4518
519 1036 559 1103 Ρ.
589 1035 783 1104 VIRGILII
813 1033 1005 1103 lllRONlS

438 1161 1084 1338 AENEIDOS

565 1483 708 1549 LIBER
732 1475 955 1565 QUINTUS.

653 1695 867 1720 ...400-

232 1849 363 1932 Interea
378 1848 524 1914 medium
539 1847 670 1914 Aeneas
681 1847 753 1932 jam
768 1847 869 1914 classe
884 1839 1021 1914 tenebat

233 1955 350 2020 Certus
366 1954 438 2039 iter,
454 1954 639 2039 fluctusque
655 1960 742 2018 atros
758 1951 922 2038 Aquilone
938 1954 1080 2039 secabat,

232 2060 362 2126 Moenia
377 2061 558 2146 respiciens,
576 2081 659 2146 quae
671 2059 742 2144 jam
757 2057 894 2124 infelicis
910 2057 1035 2124 Elissae
1108 2077 1113 2086 ·

232 2165 406 2244 Colluoent
421 2165 572 2232 flammis.
621 2164 711 2246 Quae
728 2171 861 2229 tentum
877 2163 1060 2230 accenderit
1075 2162 1198 2252 ignem,

233 2270 356 2336 Caussa
371 2271 453 2336 latet
468 2290 477 2351 ;
503 2270 577 2336 duri
592 2289 710 2356 magno
727 2269 783 2334 sed
798 2289 906 2334 amoro
922 2267 1046 2334 dolores
1274 2273 1295 2337 5

232 2376 375 2461 Polluto,
393 2384 585 2460 notumque,
598 2374 709 2439 furens
725 2374 804 2459 quid
819 2373 941 2440 femina
956 2374 1068 2461 possit,

233 2479 340 2545 Triste
356 2501 413 2566 per
428 2480 601 2566 augurium
618 2479 817 2544 Teucrorum
832 2487 963 2566 pectora
978 2481 1112 2547 ducunt.

233 2584 283 2650 Ut
300 2585 436 2670 pelagus
451 2593 585 2650 tenuere
601 2591 698 2669 ratos,
716 2607 774 2650 nec
787 2584 857 2670 jam
873 2585 1014 2670 amplius
1029 2585 1098 2650 ulla

234 2688 385 2756 Occurrit
402 2690 509 2774 tellus,
526 2689 631 2754 maria
646 2689 792 2774 undique
807 2698 841 2755 et
856 2689 1002 2775 undique
1017 2691 1165 2773 coelum;

233 2794 299 2860 Olli
315 2795 479 2860 caeruleus
496 2816 594 2879 supra
609 2801 711 2879 caput
727 2794 859 2859 adstitit
874 2794 988 2879 imber,
1252 2797 1293 2859 10

233 2899 376 2964 Noctem
391 2899 597 2984 hiememque
612 2898 727 2982 ferens,
745 2905 779 2964 et
794 2898 954 2964 inhorruit
969 2900 1058 2965 unda
1073 2900 1226 2968 tenebris.

233 3003 314 3088 Ipse¹
326 3004 523 3089 gubernator
537 3003 643 3088 puppi
658 3003 835 3069 Palinurus
850 3003 892 3068 ab
908 3005 997 3070 alta:

234 3106 255 3140 “
266 3107 355 3191 Heu,
373 3107 528 3193 quianam
543 3107 630 3172 tanti
645 3107 819 3173 cinxerunt
836 3108 969 3172 aethera
984 3107 1118 3174 nimbi?

106 3288 108 3292 .
234 3211 256 3245 “
270 3211 407 3298 Quidve,
425 3219 519 3298 pater
534 3211 701 3298 Neptune,
718 3214 840 3296 paras?
853 3215 872 3241 ''
920 3211 973 3279 Sic
989 3212 1104 3278 deinde
1119 3213 1250 3278 locutus
1304 3203 1307 3210 ’

235 3315 392 3402 Colligere
408 3337 498 3381 arma
510 3315 606 3402 jubet
622 3316 801 3400 validisque
816 3316 1003 3381 incumbere
1018 3315 1125 3400 remis,
1252 3320 1292 3384 15

236 3421 459 3505 Obliquatque
476 3420 566 3486 sinus
580 3419 616 3484 in
631 3427 779 3504 ventum,
796 3441 834 3484 ac
850 3419 932 3484 talia
947 3419 1058 3486 fatur:

236 3523 257 3556 “
272 3523 481 3610 Magnanime
497 3523 621 3608 Aenea,
639 3545 714 3608 non,
731 3523 759 3589 si
775 3523 856 3587 mihi
870 3523 1007 3609 Jupiter
1022 3530 1135 3589 auctor

237 3627 257 3661 “
272 3630 448 3714 spondeat,
464 3629 525 3694 hoo
542 3650 668 3714 sperem
683 3629 817 3693 Italiam
833 3628 1018 3714 contingere
1034 3629 1129 3694 coela.

237 3734 397 3800 “Mutati
413 3741 596 3799 transversa
610 3734 757 3800 fremunt
774 3742 808 3799 et
823 3756 956 3821 vespere
971 3734 1014 3799 ab
1030 3741 1102 3799 atro

236 3841 258 3874 “
270 3841 481 3926 Consurgunt
496 3839 598 3924 venti,
615 3847 715 3926 atque
730 3841 765 3905 in
780 3841 901 3905 nubem
917 3840 1044 3925 cogitur
1059 3846 1140 3922 atr,
1253 3840 1295 3904 20

237 3945 258 3978 “
270 3945 340 4010 Neo
354 3967 413 4010 nos
428 3943 533 4009 obniti
548 3951 660 4009 contra
674 3965 734 4010 neo
750 3945 884 4010 tendere
902 3951 1036 4009 tantum
