2898 4518
475 297 647 381 unumnos
670 334 734 381 nus.
760 334 834 381 v111.

135 495 226 562 Sicut
242 515 346 580 aquae
362 494 544 559 tremulum
560 493 658 558 labris
674 493 732 559 ubi
746 494 859 558 lumen
873 492 985 558 ahenis

135 600 204 666 Sole
220 620 454 686 repercussum,
472 603 532 662 aut
548 597 707 663 radiantis
722 597 863 683 imagine
879 597 1006 682 Lunae,

134 705 251 772 Omnia
267 703 443 790 pervolitat
459 703 527 767 late
543 702 623 786 loca,
636 701 772 787 jamque
789 703 849 768 sub
865 724 960 768 auras

134 810 279 894 Erigitur
295 808 481 892 summique
496 807 572 872 ferit
588 807 753 892 laquearia
769 808 859 874 tecti.

135 913 208 978 Nox
225 921 308 997 erat,
326 920 359 977 et
375 921 477 977 terras
493 911 649 977 animalia
663 912 748 978 fessa
764 934 822 996 per
837 933 950 978 omnes

135 1019 288 1083 Alituum
304 1018 531 1104 pecudumque
546 1038 648 1102 genus
665 1038 757 1102 sopor
772 1017 860 1082 altus
876 1017 1041 1083 habebat.·

136 1123 243 1203 Quum
259 1131 356 1209 pater
370 1122 406 1187 in
421 1121 491 1206 ripa
507 1121 668 1207 gelidique
685 1121 746 1187 sub
762 1121 902 1186 aetheris
917 1141 979 1185 axe

135 1227 272 1314 Aeneas,
290 1227 379 1292 tristi
393 1227 548 1292 turbatus
564 1208 696 1311 pectora
712 1225 807 1310 bello,

136 1332 314 1398 Procubuit
330 1351 498 1416 seramque
514 1331 607 1396 dedit
622 1352 681 1416 per
696 1331 845 1396 membra
861 1329 1015 1415 quietem.

136 1435 219 1503 Huic
236 1438 318 1502 deus
332 1437 401 1522 ipse
415 1434 479 1500 loci
493 1435 593 1500 fluvio
609 1435 781 1500 Tiberinus
797 1445 933 1500 am'oeno

136 1541 295 1626 Populeas
311 1541 398 1605 inter
413 1538 516 1604 senior
531 1560 564 1605 se
581 1540 728 1604 attollere
742 1540 869 1606 frondes

137 1645 326 1712 Visus-eum
342 1643 451 1710 tenuis
467 1644 582 1730 glauco
597 1645 729 1710 velabat
744 1645 869 1711 amictu

138 1751 309 1834 Garbasus,
326 1757 359 1815 et
376 1750 479 1815 crines
494 1751 645 1815 umbrosa
660 1751 795 1837 tegebat
810 1754 961 1836 arundo,

137 1857 221 1922 Tum
237 1859 283 1923 sic
300 1856 392 1922 affari
407 1863 441 1921 et
457 1878 550 1922 curas
565 1857 615 1922 his
631 1857 760 1922 demere
776 1859 892 1925 dictis:

137 1963 195 2030 “O
214 1971 284 2030 sate
300 1969 398 2048 gente
413 1963 523 2047 deum,
542 1962 718 2048 Trojanam
733 1985 773 2028 ex
789 1964 939 2029 hostibus
954 1965 1070 2029 urbem

138 2069 156 2100 “
170 2071 233 2150 Qui
247 2068 373 2134 revehis
382 2068 490 2152 nobis,
507 2077 703 2154 aeternaque
721 2069 881 2155 Pergama
898 2091 1016 2153 servae,

137 2173 157 2206 “
167 2175 369 2261 Exspectate
386 2173 452 2238 solo
468 2173 628 2268 Laurenti
642 2173 792 2258 arvisque
808 2172 949 2256 Latinis,

138 2278 157 2310 “
170 2278 233 2344 Hic
249 2278 313 2344 tibi
329 2285 419 2342 certa
436 2279 559 2362 domus,
577 2278 668 2362 certi,
685 2299 726 2342 ne
742 2277 875 2362 absiste,
894 2277 1046 2362 Penates,

138 2381 157 2416 “
170 2384 244 2449 Neu
259 2383 342 2449 belli
358 2391 474 2448 terrere
489 2383 606 2449 minis:
632 2391 742 2448 tumor
757 2373 862 2449 omnis
879 2391 912 2448 et
929 2383 995 2448 irae

138 2487 360 2554 “Concessere
376 2489 495 2571 dedm3

121 2587 124 2594 ’
138 2592 159 2626 “
170 2593 193 2658 J
195 2614 315 2678 amque
331 2593 403 2676 tibi,
421 2614 461 2656 ne
477 2614 562 2657 vana
577 2600 675 2678 putes
690 2593 769 2658 haec
785 2593 907 2679 fingere
923 2615 1084 2678 somnum,

138 2697 158 2728 ‘¹'
170 2698 310 2764 Litoreis
323 2683 440 2784 ingens
455 2698 589 2762 inventa
606 2698 666 2764 sub
681 2698 809 2764 ilicibus
826 2720 890 2784 sus,

139 2801 326 2890 “Triginta
342 2802 489 2888 capitum
504 2802 591 2867 fetus
607 2803 714 2886 enixa,
728 2802 862 2888 jacebit,

138 2907 158 2940 “
168 2909 271 2991 Alba,
289 2908 355 2974 solo
371 2909 542 2992 recubans,
557 2907 624 2972 albi
640 2909 760 2974 circum
776 2909 876 2974 ubera
892 2910 971 2976 nati.

138 3013 158 3045 “
170 3014 234 3080 Hic
250 3016 342 3079 locus
357 3013 447 3078 urbis
462 3013 533 3098 erit,
551 3013 676 3097 requies
692 3034 730 3078 ea
746 3020 835 3078 certa
850 3014 1016 3082 laborum:
1124 3064 1125 3071 κ

138 3117 158 3152 “
169 3119 223 3184 Ex
239 3141 306 3204 quo
323 3127 371 3184 ter
386 3117 478 3183 denis
493 3119 607 3182 urbem
622 3118 833 3183 redeuntibus
848 3119 943 3184 annis

139 3224 159 3256 “
173 3225 338 3290 Ascanius
354 3223 432 3290 olari
447 3225 565 3292 condet
581 3224 781 3310 cognominis
797 3223 928 3291 Albam.

138 3328 159 3362 “
169 3330 272 3394 Haud
287 3329 412 3394 incerta
428 3350 517 3394 canc.
564 3328 663 3393 Nunc
679 3349 744 3413 qua
761 3329 896 3412 ratione,
914 3330 1000 3413 quod
1015 3328 1129 3416 instat,

137 3434 157 3467 “
169 3435 340 3524 Expedias
356 3435 467 3518 victor,
484 3433 892 3520 paucis-adverte-docebo.

137 3540 157 3573 “
173 3540 320 3606 Arcades
336 3539 387 3606 his
402 3539 473 3624 oris,
491 3561 594 3625 genus
610 3561 630 3604 a
646 3539 800 3604 Pallante
817 3540 1015 3624 profectum,

138 3645 237 3727 “Qui
253 3667 362 3730 regem
378 3645 568 3711 Evandrum
585 3646 729 3728 comites,
747 3647 804 3729 qui
820 3647 912 3732 signa
928 3649 1042 3733 secuti,

138 3751 158 3785 “
172 3753 333 3838 Delegere
348 3750 456 3815 locum
471 3759 504 3816 ct
519 3772 653 3836 posuere
669 3749 704 3815 in
719 3752 887 3817 montibus
904 3755 1027 3839 urbem,

138 3857 158 3890 “
172 3856 341 3923 Pallantis
356 3856 466 3940 proavi
480 3857 521 3921 de
537 3855 666 3920 nomine
682 3856 916 3924 Pallanteum:

52 3987 57 3997 ·
137 3963 156 3995 “
169 3963 217 4027 Hi
233 3961 364 4026 bellum
379 3959 506 4025 assidue
522 3960 648 4025 ducunt
664 3981 741 4024 curn
756 3968 853 4046 gente
869 3961 1007 4027 Latina:

1151 809 1194 874 25

1151 1329 1195 1394 30

1152 1860 1279 1956 as·

1152 2379 1196 2446 40

1152 2910 1196 2978 45

1154 3440 1198 3506 50
