2898 4518
498 287 670 334 AENMIDOS
695 287 758 333 hIB.
785 281 817 333 VJ

125 449 314 536 Obstupuit
330 449 404 514 visu
419 447 558 514 Aeneas.
606 447 669 512 Ille
685 446 813 532 agmine
829 447 925 534 longo

124 555 277 620 Tandem
292 553 378 618 inter
393 559 525 638 pateras
541 561 575 616 et
590 551 676 616 levia
690 552 809 636 pocula
824 571 955 637 serpens

124 659 324 744 Libavitque
339 659 450 744 dapes,
467 677 641 741 rursusque
656 655 808 722 innoxius
819 657 885 722 imo

127 764 293 832 Successit
309 763 439 828 tumulo
455 769 489 827 et
506 762 645 847 depasta
660 759 777 826 altaria
792 761 899 846 liquit.

127 869 200 934 Hoc
215 868 322 954 magis
336 868 484 952 inceptos
499 865 640 952 genitori
654 864 819 930 instaurat
835 865 980 950 honores,

128 975 293 1059 Incertus,
312 971 497 1037 Geniumne
512 969 574 1036 loci
589 969 794 1034 famulumne
810 971 956 1056 parentis
1002 1003 1004 1008 ·
1151 972 1193 1036 95

127 1079 209 1144 Esse
225 1085 344 1163 putem
370 1075 478 1142 caedit
492 1075 587 1141 binas
604 1075 643 1140 de
659 1095 747 1154 more
762 1074 913 1140 bidentes

129 1184 261 1268 Totque
277 1203 350 1248 sues
365 1181 568 1266 totidemque
583 1180 752 1267 nigrantes
768 1187 862 1266 terga
873 1179 1037 1265 juvencos.

127 1291 284 1376 Vinaque
299 1289 460 1354 fundebat
476 1287 607 1374 pateris,
625 1287 837 1372 animamque
853 1288 991 1352 vocabat

127 1396 292 1461 Anchisae
308 1393 421 1480 magni
437 1393 616 1478 Manesque
632 1391 820 1458 Acheronte
838 1393 996 1460 remissos.

128 1501 199 1566 Nec
216 1521 282 1565 non
298 1506 333 1563 et
349 1497 437 1583 socii,
455 1519 538 1584 quae
554 1498 672 1583 cuique
688 1506 738 1564 est
754 1499 857 1585 copia,
874 1498 952 1564 laeti
1129 1498 1194 1562 100

129 1607 226 1671 Dona
242 1605 373 1670 ferunt:
399 1611 533 1670 onerant
550 1625 622 1668 aras
636 1612 852 1690 mactantque
864 1605 1020 1690 juvencos
1033 1623 1043 1687 ;

131 1711 255 1777 Ordine
272 1717 358 1774 atina
373 1696 483 1774 locant
499 1709 564 1793 alii,
580 1708 711 1794 fusique
727 1731 784 1795 per
799 1710 934 1776 herbam

130 1813 320 1899 Subjiciunt
335 1813 462 1878 veribus
478 1835 600 1898 prunas
616 1822 650 1878 et
666 1814 788 1908 viscera
803 1823 937 1881 torrent.
1021 1890 1024 1895 ,

196 1920 402 2005 Exspectata
417 1919 486 1984 dies
501 1920 615 1984 aderat
632 1941 815 2005 nonamque
831 1943 942 1986 serena
1033 1971 1036 1978 .
1162 2000 1164 2005 .

128 2025 293 2090 Auroram
309 2023 532 2089 Phaethontis
548 2023 623 2109 equi
634 2022 706 2109 jam
720 2025 793 2089 luce
810 2024 982 2111 vehebant,
1131 2025 1196 2091 105

129 2130 300 2214 Famaque
316 2128 474 2194 finitimos
491 2135 525 2192 et
541 2129 620 2193 clari
635 2150 755 2194 nomen
769 2127 912 2194 Acestae

129 2234 305 2300 Excierat:
330 2235 418 2300 laeto
433 2235 637 2320 complerant
653 2235 751 2299 litora
766 2241 874 2319 coetu,

129 2340 244 2405 Visnri
259 2340 441 2425 Aeneadas,
459 2363 533 2426 pars
549 2350 582 2405 et
598 2348 719 2406 certare
735 2341 852 2426 parati.

130 2445 271 2511 Munera
287 2445 447 2531 principio
462 2453 540 2510 ante
556 2445 665 2510 oculos
682 2444 831 2530 circoque
846 2445 997 2510 locantur

130 2551 173 2616 In
189 2549 306 2634 medio,
325 2550 407 2615 sacri
422 2549 568 2636 tripodes
582 2550 765 2635 viridesque
782 2573 915 2616 coronae
1131 2551 1195 2615 110

132 2655 180 2720 Et
196 2655 337 2740 palmae,
354 2655 498 2740 pretium
513 2655 700 2740 victoribus,
717 2677 872 2740 armaque
890 2664 924 2721 et
940 2664 1026 2722 ostro

130 2761 288 2826 Perfusae
304 2768 421 2844 vestes,
438 2761 566 2846 argenti
581 2761 717 2846 aurique
733 2761 918 2844 talentnm;

129 2867 177 2932 Et
194 2866 278 2930 tuba
293 2865 481 2931 commissos
496 2865 603 2930 medio
618 2866 708 2930 canit
724 2887 839 2952 aggere
855 2867 959 2933 ludos.

130 2971 245 3034 Prima
260 2991 353 3054 pares
368 2969 486 3034 ineunt
502 2969 653 3054 gravibus
669 2970 846 3035 certamina
861 2970 958 3036 remis

132 3077 283 3156 Qustuor
297 3095 338 3138 ex
354 3073 442 3138 omni
458 3075 604 3138 delectae
621 3074 721 3139 classe
738 3075 874 3140 carinae.
1131 3076 1196 3143 115

131 3180 288 3246 Velocem
303 3177 497 3243 Mnestheus
513 3178 666 3263 agitacri
682 3175 802 3265 remige
819 3179 964 3263 Pristim,

131 3287 211 3351 Mox
228 3283 337 3350 Italus
352 3285 556 3368 Mnestheus,
573 3307 676 3370 genus
693 3307 712 3350 a
729 3305 794 3369 quo
809 3280 1114 3366 nomine'Memmn

130 3392 370 3478 ingentemque
387 3389 479 3474 Gyas
494 3390 620 3476 ingenti
637 3391 720 3454 mole
738 3389 958 3474 Chimaeram,

131 3495 234 3562 Urbis
251 3515 344 3580 opus,
361 3493 483 3580 triplici
498 3495 601 3580 pubes
617 3515 717 3579 quam
734 3493 890 3558 Dardana
905 3514 1002 3560 versu

131 3599 325 3687 Impellunt,
343 3606 434 3664 terno
451 3606 652 3685 consurgunt
668 3598 778 3664 ordine
794 3597 878 3662 remi
887 3619 896 3680 ;
1133 3599 1196 3664 l‘A‘

133 3708 377 3792 Sergestusque,
394 3705 511 3770 domus
526 3712 618 3769 tenet
634 3725 653 3768 a
669 3725 733 3788 quo
752 3703 862 3788 Sergia
876 3725 1005 3789 nomen,
1076 3700 1081 3710 '

133 3811 300 3878 Centauro
315 3807 481 3874 invehitur
494 3829 635 3893 magna3
663 3807 834 3894 Scyllaque
852 3809 1034 3875 Cloanthus

134 3916 304 3999 Caerulea,
321 3935 425 4000 genus
440 3914 527 3979 unde
543 3913 615 3998 tibi,
635 3914 783 3979 Romane
800 3914 942 3981 Cluenti.

327 4015 345 4074 5
