2838 4522
252 389 254 394 .
288 333 306 392 0
669 345 840 392 13313333
863 346 926 394 ma.
953 348 973 394 1.

205 549 216 568 .
287 507 461 572 Intonuere
477 505 553 592 poli,
572 513 605 570 et
621 506 738 571 crebris
754 506 855 569 micat
870 505 1001 592 ignibus
1017 505 1139 590 aether,
1306 505 1346 574 90

286 611 561 696 Praesentemque
577 610 654 675 viris
669 611 837 675 intentant
852 611 962 675 omnia
977 617 1126 678 mortem.

286 715 464 801 Extemplo
480 714 612 780 Aeneae
628 715 798 779 solvuntur
812 713 926 799 frigore
942 715 1113 798 memhra;
1190 705 1192 710 ⁸

287 820 431 905 Ingemit
448 826 493 902 et,
511 819 657 904 duplices
672 820 811 883 tendens
827 819 870 883 ad
886 819 989 884 sidera
1005 819 1145 904 palmas,

288 923 383 988 Talia
398 944 474 988 voce
491 922 610 988 refert:
637 921 659 954 “
674 921 703 988 Ο
721 929 835 1006 131333
851 929 1032 1007 quaterque
1048 922 1149 1008 beati,

289 1029 309 1061 “
324 1007 403 1109 Quis
419 1035 495 1092 ante
511 1049 566 1092 ora
581 1034 716 1113 patrum
734 1026 849 1110 Trojae
865 1027 926 1092 sub
942 1027 1110 1092 moenibus
1126 1027 1202 1092 altis
1309 1029 1351 1093 95

289 1134 309 1166 “
324 1132 471 1218 Contigit
486 1139 641 1218 oppetere
656 1137 663 1200 1
714 1132 742 1198 Ο
763 1131 917 1196 Danaum
932 1131 1105 1197 fortissime
1120 1132 1239 1216 gentis,

290 1238 311 1270 ‘⁶
326 1237 462 1322 Tydide,
480 1257 574 1301 mene
591 1236 700 1302 Iliacis
716 1235 906 1302 occumbere
922 1235 1046 1321 campis

290 1343 311 1378 “
325 1343 403 1408 Non
418 1342 573 1430 potuisse,
590 1349 714 1426 tuaque
730 1342 875 1406 animam
889 1341 974 1406 hanc
990 1340 1156 1406 effundere
1171 1343 1310 1406 dextra:

295 1453 313 1490 ··'
325 1449 449 1515 Saevus
464 1446 523 1512 ubi
537 1437 703 1512 Aeadldae
719 1447 784 1511 telo
795 1445 883 1531 jacet
900 1444 1034 1530 Hector,
1051 1446 1109 1511 ubi
1123 1446 1237 1532 ingens

290 1553 311 1586 ‘⁶
327 1552 504 1638 Sarpedon,
520 1551 581 1615 ubi
595 1558 646 1616 tot
664 1541 782 1618 Simois
799 1557 946 1636 correpta
963 1551 1024 1616 sub
1041 1551 1137 1616 undis
1289 1551 1354 1614 100

290 1659 311 1693 “
325 1661 428 1726 Scuta
443 1657 550 1721 virum
566 1658 739 1742 galeasque
754 1663 788 1756 et
804 1657 902 1721 fortia
917 1671 1049 1741 corpora
1064 1655 1165 1722 volvit
1181 1658 1240 1722 t't

290 1768 384 1833 Talia
396 1765 539 1852 jactanti
555 1765 697 1831 stridens
712 1757 876 1850 Aquilone
892 1765 1034 1850 procella
1063 1849 1066 1857 Ι

290 1873 414 1938 Velum
430 1873 564 1937 adversa
579 1871 665 1955 ferit,
682 1871 871 1955 fluctusque
887 1872 931 1936 ad
946 1871 1052 1936 sidera
1068 1872 1165 1938 tollit.

291 1972 504 2064 Franguntur
519 1975 619 2058 remi;
644 1984 718 2040 tum
734 1997 863 2060 proram
879 1975 999 2040 avertit
1015 1984 1049 2041 et
1064 1977 1160 2041 undis

293 2083 364 2149 Dat
377 2083 483 2167 latus3
493 2081 679 2166 insequitur
694 2081 825 2167 cumulo
842 2089 1036 2166 praeruptus
1053 2103 1156 2166 aquae
1173 2083 1356 2148 13333105

292 2188 339 2253 Η1
354 2186 533 2253 3313111313
548 2185 653 2250 fluctu
668 2186 824 2271 pendent,
837 2185 888 2252 his
903 2187 992 2251 unda
1008 2187 1175 2252 dehiscens

292 2293 427 2356 Terram
441 2290 528 2355 inter
543 2290 666 2356 fluctus
681 2290 786 2375 aperit
795 2309 804 2369 3
814 2289 895 2356 furit
911 2280 1022 2356 aestus
1038 2292 1169 2403 arenis(
1277 2370 1280 2374 ¹

288 2399 372 2462 ¹Tres
387 2396 495 2461 Notus
511 2395 664 2478 abreptas
680 2395 714 2458 in
729 2415 808 2458 saxa
823 2395 961 2460 latentia
976 2403 1122 2480 torquet·
1139 2402 1158 2439 '⁸

294 2503 381 2568 Saxa
395 2507 515 2566 vocant
532 2499 622 2583 Itali,
640 2499 756 2564 mediis
785 2521 868 2583 quae
885 2501 919 2564 in
934 2501 1101 2584 fluctibus,
1118 2500 1229 2583 Arum

293 2607 435 2671 Dorsum
450 2605 594 2672 immane
611 2603 692 2667 mari
712 2625 850 2688 ummo·
866 2625 874 2686 ς
899 2613 966 2671 1133
981 2604 1090 2670 Eurus
1106 2606 1148 2670 ab
1163 2606 1231 2670 alto
1293 2607 1361 2670 110

293 2711 335 2775 Ι3
350 2709 458 2774 brevia
474 2716 507 2770 et
533 2717 636 2791 syrtes
650 2707 943 2792 urget-miserabile
958 2709 1056 2793 1133,

293 2814 461 2897 Illiditque
479 2812 569 2876 vadis
585 2819 684 2896 31333
701 2833 815 2897 aggere
832 2812 935 2898 cingit
951 2835 1074 2880 arenae.
1124 2899 1127 2905 Ι

293 2919 416 3002 Unam,
434 2937 516 3002 quae
532 2915 649 3001 Lycios
663 2917 832 3001 fidumque
847 2917 984 2982 vehebat
1003 2917 1161 3002 Oronten,
1198 2986 1204 2997 ,

293 3024 402 3110 Ipsius
417 3030 494 3087 ante
511 3022 618 3086 oculos
634 3021 749 3106 ingens
765 3022 920 3086 avertice
936 3030 1057 3108 pontus

293 3129 335 3193 In
351 3126 491 3213 puppim
507 3125 603 3192 ferit:
629 3127 797 3190 excutitur
812 3148 996 3212 pronusque
1011 3127 1168 3213 magister
1294 3129 1364 3194 115

293 3233 446 3298 Volvitur
460 3231 495 3295 in
511 3238 624 3316 caput,
642 3239 694 3296 331
711 3231 803 3296 illam
818 3239 870 3296 ter
884 3231 1006 3297 fluctus
1022 3231 1144 3297 ibidem

293 3339 439 3422 Torquet
455 3358 554 3421 agens
570 3335 693 3400 circum
708 3344 742 3400 et
759 3337 890 3421 rapidus
905 3346 998 3403 vorat
1013 3358 1151 3422 aequore
1167 3344 1306 3420 vertex3

281 3444 466 3528 Apparent
482 3439 545 3504 rari
560 3449 675 3506 nantes
691 3440 727 3504 in
741 3441 870 3526 gurgite
886 3449 989 3526 vaste,

294 3550 397 3612 Arma
413 3545 519 3609 virum
535 3546 732 3630 tabulaeque
748 3555 782 3610 et
800 3545 897 3630 Troja
913 3568 994 3631 gaza
1009 3567 1066 3632 per
1082 3547 1197 3613 undas.

293 3651 372 3716 dam
388 3650 533 3714 validam
549 3649 665 3714 Ilionei
681 3672 807 3734 navem,
822 3651 892 3735 jam
906 3651 998 3717 fortis
1014 3651 1175 3735 Achatae,
1297 3655 1368 3718 120

294 3754 340 3820 Et
356 3745 419 3840 qua
435 3762 551 3819 vectus
568 3754 668 3836 Abas,
687 3763 720 3818 et
737 3735 801 3839 quai
816 3756 1018 3841 grandaevus
1034 3753 1161 3840 Aletes,

295 3859 387 3924 Vicit
403 3858 530 3926 hiems:
556 3859 639 3923 laxis
654 3859 798 3924 laterum
813 3859 1026 3946 compagibus
1042 3881 1154 3926 omnes

297 3963 475 4051 Accipiunt
490 3963 662 4029 inimicum
677 3963 816 4029 imbrem
832 3964 985 4051 rimisque
1000 3963 1168 4032 fatiscunt.
