2944 4522
519 327 689 376 nuumnos
712 329 777 378 nra.
800 329 849 377 rx.
1158 308 1223 377 197

157 483 184 518 “
197 485 294 552 Solve
310 491 429 568 metus,
442 493 543 571 atque
558 487 618 552 hoo
633 488 783 573 precibus
799 488 866 554 sine
882 509 974 574 posse
986 494 1165 574 parentem,
1180 485 1223 554 90

158 589 272 656 “Neu
287 600 573 676 oursu‘quacsatae
589 594 666 677 ullo,
683 615 749 658 neu
764 594 894 658 turbine
911 595 1001 659 venti

159 695 182 727 “
193 696 381 761 Vincantur
395 717 404 778 3
430 697 532 782 prosit
548 697 666 763 nostris
680 697 716 762 in
731 698 897 764 montibus
912 700 1028 764 ortas.''

158 799 268 864 Filius
283 800 359 864 huic
376 809 499 884 contra,
516 808 648 886 torquet
664 802 722 886 qui
739 802 844 867 sidera
859 802 996 870 mundi:

160 903 181 934 “
197 903 227 969 Ο
246 905 407 989 genetrix,
425 927 489 989 quo
503 905 575 970 fata
590 927 696 990 vocas,
713 914 773 972 ant
789 907 870 992 quid
885 908 970 992 petis
985 907 1086 974 istis?

161 1010 183 1040 “
198 1010 376 1074 Mortaline
390 1032 494 1076 manu
508 1011 614 1076 factae
629 1011 814 1078 immortale
831 1012 960 1076 carinae
1178 1014 1221 1080 95

162 1114 262 1179 “Fas
277 1115 433 1200 habeant,
451 1122 624 1200 certusque
639 1117 764 1182 incerta
778 1117 922 1202 pericula
937 1117 1056 1182 lustret

163 1219 183 1250 “
195 1219 357 1286 Aeneas?
405 1219 469 1286 Oui
484 1227 580 1286 tanta
595 1222 655 1287 deo
671 1222 828 1308 permissa
843 1224 1018 1306 potestas?

163 1324 183 1357 “
197 1325 315 1409 Immo,
332 1325 577 1392 ubi-defunctae
592 1326 692 1392 finem
707 1334 887 1412 portusque
903 1327 1064 1392 tenebunt

163 1431 183 1464 “
199 1430 361 1496 Ausonios
376 1431 465 1516 olim,
481 1452 706 1517 quaecumque
722 1432 859 1498 evaserit
877 1431 975 1497 undis

162 1536 469 1622 “Dardaniumque
484 1539 600 1603 ducem
616 1536 797 1602 Laurentia
811 1537 937 1602 vexerit
952 1559 1039 1622 arva,
1154 1537 1220 1600 100

162 1640 183 1673 “
196 1640 372 1706 Mortalem
387 1641 521 1728 eripiam
535 1642 682 1727 formam,
698 1642 872 1728 magnique
884 1642 1006 1727 jubebo

162 1745 361 1830 “Aequoris
376 1768 444 1812 esse
459 1749 548 1832 deas,
565 1747 673 1832 qualis
689 1746 810 1812 Nereia
826 1748 916 1812 Doto

163 1851 242 1915 “Et
259 1851 400 1917 Galatea
415 1861 528 1918 secant
543 1860 754 1938 spumantem
769 1860 901 1938 pectore
917 1853 1086 1936 pontum.’'

162 1955 314 2040 Dixerat,
330 1956 430 2042 idque
445 1962 556 2022 ratum
573 1957 681 2043 Stygii
695 1978 753 2042 per
766 1957 905 2022 flumina
919 1954 1042 2038 fratris,

162 2061 228 2126 Per
242 2061 315 2146 pice
330 2068 492 2127 torrentes
507 2068 642 2146 atraque
657 2061 808 2147 voragine
824 2059 911 2145 ripas
1156 2059 1221 2125 105

161 2165 304 2250 Annuit,
321 2173 355 2230 et
371 2172 482 2231 totum
496 2175 582 2230 nutu
597 2165 779 2231 tremefecit
799 2165 989 2248 Olympum.

162 2271 250 2356 Ergo
265 2271 378 2336 aderat
393 2271 552 2356 promissa
567 2271 646 2356 dies,
663 2278 698 2336 et
713 2278 861 2355 tempora
876 2269 999 2333 Parcae

163 2375 287 2439 Debita
302 2375 522 2460 complerant:
550 2397 654 2460 quum
670 2374 775 2440 Turni
790 2373 908 2458 injuria
925 2371 1068 2436 Matrem

162 2479 347 2544 Admonuit
363 2480 486 2544 ratibus
502 2480 600 2545 sacris
615 2479 775 2565 depellere
791 2479 913 2544 taedas.

162 2584 227 2650 Hic
243 2585 388 2670 primum
403 2607 487 2650 nova
501 2586 561 2650 lux
576 2585 677 2650 oculis
693 2582 829 2667 offulsit,
846 2591 880 2648 et
896 2582 1010 2668 ingens
1156 2581 1221 2646 110

162 2690 264 2755 Visus
279 2690 321 2755 ab
336 2690 464 2754 Aurora
479 2690 606 2755 coelum
621 2695 838 2754 transcurrere
853 2687 995 2771 nimbus,

162 2794 318 2879 idaeique
334 2794 441 2876 ohori;
466 2802 539 2858 tum
554 2815 618 2859 vox
632 2793 791 2858 horrenda
807 2814 864 2878 per
878 2813 973 2857 auras

161 2899 298 2963 Excidit
314 2905 348 2963 et
365 2898 486 2963 Troum
502 2898 767 2982 Rutulorumque
783 2897 914 2982 agmina
928 2894 1089 2979 complet:

163 3003 184 3035 “
196 3002 248 3068 Ne
265 3003 425 3088 trepidate
441 3025 539 3087 meas,
558 3002 685 3086 Teucri,
702 3001 873 3067 defendere
888 3021 997 3081 naves,

163 3108 184 3141 “
198 3109 290 3173 Neve
306 3115 432 3174 armate
447 3129 584 3174 manus:
610 3107 712 3172 maria
728 3113 806 3171 ante
822 3125 954 3171 exurere
971 3103 1092 3185 Turn0,
1154 3100 1219 3166 115

162 3214 184 3246 “
195 3215 304 3295 Quam
318 3233 423 3278 sacras
438 3213 573 3278 dabitur
587 3213 692 3296 pinus.
739 3211 807 3277 Vos
822 3211 869 3275 ite
885 3209 1025 3287 solutae,

163 3319 251 3384 “Ite
266 3319 345 3383 deae
360 3317 486 3404 pelagi:
511 3317 660 3403 genetrix
670 3315 797 3401 jubet.'’
843 3315 891 3378 Et
907 3333 966 3376 sua
982 3328 1130 3394 quaeque

162 3422 327 3490 Continuo
342 3443 469 3508 puppes
485 3421 685 3506 abrumpunt
699 3418 832 3484 vincula
846 3416 936 3501 ripis,

162 3529 432 3614 Delphinumque
448 3529 544 3593 modo
559 3525 714 3592 demersis
729 3544 869 3608 aequora
887 3519 998 3586 rostris
1066 3553 1068 3560 ¹

160 3635 235 3698 lma
249 3640 371 3720 petunt
383 3653 392 3714 ;
416 3632 494 3698 hinc
509 3627 837 3718 virgineae-mirabile
852 3632 1035 3690 monstrum
1048 3629 1075 3692 l·
1154 3621 1220 3686 120

161 3737 321 3804 Reddunt
337 3758 370 3802 se
385 3737 526 3803 totidem
539 3736 639 3801 facies
655 3739 821 3820 pontoque
836 3730 997 3814 feruntur,

166 3842 268 3928 [Quot
285 3843 376 3930 prins
391 3851 520 3908 aeratae
537 3845 697 3906 steterant
712 3839 755 3904 ad
770 3837 865 3904 litora
881 3833 1017 3922 prorae]

230 3948 440 4033 Obstupuere
454 3946 557 4012 animi
572 3944 728 4028 Rutulis;
754 3941 946 4010 conterritus
961 3939 1031 4024 ipse
