2898 4518
259 303 321 370 146
613 323 782 370 taurinos
805 324 869 371 ma.
895 325 939 372 vr.

256 481 277 514 “
292 483 441 563 Quantos
456 482 510 547 ille
527 481 634 547 virum
649 505 805 569 magnam
821 483 977 549 Mavortis
994 485 1036 548 ad
1051 484 1167 548 urbem

255 585 435 671 “Campus
451 594 526 671 aget
542 587 685 671 gemitus
698 607 708 669 3
733 588 785 652 val
800 609 893 673 quae,
911 587 1071 671 Tiberine,
1088 587 1214 654 videbis

255 689 276 723 “
289 690 431 774 Funera,
448 711 552 774 quum
567 691 735 756 tumulum
749 691 983 776 praeterlabere
999 697 1185 759 recentem!

256 796 276 829 “
287 795 358 860 Nec
374 817 455 881 puer
471 796 574 860 Iliaca
589 797 765 882 quisquam
781 797 821 862 de
837 803 935 882 gente
951 797 1086 862 Latinos
1247 791 1317 863 875

254 902 275 934 “
287 903 330 967 In
344 909 479 967 tantum
495 921 551 986 spe
567 901 661 966 tollet
676 923 762 984 avos,
780 923 839 966 neo
857 901 999 966 Romula
1015 903 1180 986 quondam

255 1008 274 1038 “
287 1007 365 1071 Ullo
382 1027 416 1070 se
432 1012 565 1070 tantum
580 1005 678 1070 tellus
690 1005 832 1090 jactabit
848 1006 989 1072 alumno.

255 1110 276 1141 “
291 1109 366 1174 Heu
381 1110 498 1196 pietas,
514 1109 579 1174 heu
594 1109 699 1195 prisca
713 1110 803 1195 fides,
819 1110 1005 1196 invictaque
1021 1111 1106 1175 bello

255 1215 275 1249 “
290 1213 454 1282 Dexteral
480 1233 545 1279 non
560 1214 609 1280 illi
624 1236 658 1280 se
674 1214 850 1300 quisquam
863 1215 999 1300 impune
1015 1213 1147 1280 tulisset

254 1309 276 1350 “
291 1317 416 1384 Obvius
432 1324 569 1403 armato,
587 1339 644 1384 seu
659 1339 763 1404 quum
779 1320 877 1404 pedes
892 1319 955 1384 iret
970 1319 1005 1383 in
1019 1318 1159 1401 hostem,
1246 1316 1315 1382 880

255 1424 353 1490 “Seu
369 1423 554 1509 spumantis
570 1424 647 1509 equi
660 1423 786 1490 foderet
802 1424 981 1490 calcaribus
997 1445 1111 1489 armos.

255 1530 275 1562 “
289 1529 375 1613 Heu,
392 1529 571 1594 miserande
587 1549 678 1614 puer,
695 1529 723 1594 si
738 1550 804 1614 qua
818 1529 889 1594 fata
904 1549 1018 1613 aspera
1034 1548 1180 1616 rumpas,

255 1634 276 1666 “
290 1633 343 1698 Tu
360 1633 533 1698 Marcellus
549 1633 618 1700 eris.
666 1633 821 1698 Manibus
836 1635 912 1706 date
928 1632 997 1696 lilia
1012 1632 1117 1717 plenis
1131 1654 1139 1714 3

255 1737 473 1824 “Purpureos
490 1760 641 1824 spargam
657 1739 759 1822 flores,
777 1739 985 1823 animamque
1000 1737 1127 1823 nepotis

256 1845 276 1876 ‘⁸'
289 1844 351 1910 His
368 1845 485 1909 saltem
500 1847 705 1910 accumulem
721 1845 822 1928 donis,
840 1853 873 1910 et
889 1845 1008 1930 fungar
1021 1843 1110 1908 inani
1247 1841 1315 1906 885

255 1949 275 1980 “
287 1949 452 2015 Munere.”
500 1949 553 2016 Sic
568 1957 641 2015 tota
656 1951 777 2036 passim
793 1951 919 2036 regione
935 1955 1096 2034 vagantur

254 2053 353 2119 Aeris
368 2054 403 2118 in
419 2054 543 2140 campis
558 2055 646 2140 latis,
664 2063 764 2140 atque
780 2055 888 2120 omnia
903 2056 1057 2120 lustrant.

256 2159 346 2239 Quae
362 2165 538 2244 postquam
553 2158 713 2224 Anchises
728 2167 845 2248 natum
861 2181 919 2245 per
934 2157 1063 2244 singula
1077 2154 1186 2237 duxit,

254 2264 471 2348 Incenditque
487 2263 636 2328 animum
650 2264 756 2330 famae
771 2265 934 2330 venientis
949 2282 1077 2343 amore;

254 2368 343 2432 Exin
357 2369 443 2434 bella
459 2369 526 2433 viro
541 2377 709 2453 memorat,
727 2391 810 2454 quae
826 2369 943 2434 deinde
959 2365 1109 2454 gerenda,
1125 2399 1139 2414 -·
1246 2362 1316 2428 890

196 2545 199 2552 ‚
254 2473 497 2558 Laurentesque
513 2474 607 2538 docet
623 2475 758 2558 populos
773 2475 951 2558 urbemque
966 2468 1089 2551 Latini,

253 2577 299 2642 Et
315 2599 379 2662 quo
395 2597 557 2662 quemque
573 2579 667 2642 modo
682 2577 852 2664 fugiatque
867 2577 1014 2660 feratque
1028 2573 1179 2639 laborem.

322 2682 408 2748 Sunt
423 2683 573 2768 geminae
590 2681 703 2750 Somni
719 2677 840 2768 portae,
859 2702 998 2766 quarum
1014 2679 1117 2743 altera
1132 2675 1238 2740 fertur

254 2786 388 2871 Cornea,
406 2808 470 2871 qua
485 2786 568 2851 veris
582 2786 686 2852 facilis
701 2787 799 2868 datur
814 2787 923 2851 exitus
939 2782 1073 2850 Umbris
1088 2802 1097 2862 ;

253 2892 369 2968 Altera
385 2891 537 2956 candenti
552 2891 698 2976 perfecta
713 2891 822 2957 nitens
838 2890 1022 2975 elephanto,
1250 2881 1316 2948 895

254 2997 317 3062 seu
333 2995 414 3060 falsa
429 2996 472 3060 ad
488 2995 615 3061 coelum
629 2995 772 3060 mittunt
787 2994 948 3061 insomnia
964 2992 1089 3056 Manes.

253 3099 316 3164 His
331 3100 389 3164 ubi
405 3108 480 3164 tum
496 3106 613 3164 natum
629 3099 788 3165 Anchises
804 3120 935 3184 unaque
952 3095 1112 3182 Sibyllam

253 3204 466 3290 Prosequitur
481 3203 588 3289 dictis,
605 3213 764 3290 portaque
780 3203 906 3269 emittit
922 3203 1046 3267 eburna
1061 3219 1071 3282 ;

254 3309 314 3374 Ille
330 3309 419 3374 viam
435 3317 523 3374 secat
539 3310 582 3373 ad
597 3330 694 3374 naves
711 3309 875 3394 sociosque
890 3307 1012 3390 revisit,

254 3416 342 3478 Tum
357 3437 390 3480 se
406 3417 448 3480 ad
466 3416 597 3483 Oaietae
613 3423 701 3481 recto
716 3415 779 3480 fert
793 3415 899 3480 limite
916 3421 1056 3500 portum.
1251 3407 1314 3474 900

254 3520 383 3585 Ancora
398 3522 438 3586 de
453 3543 547 3608 prora
558 3522 703 3607 jacitur;
728 3528 819 3587 stant
833 3519 928 3586 litore
944 3535 1080 3604 puppes.
