2944 4522
254 317 321 383 202
418 293 422 302 ’
612 333 782 380 snunrnos
806 333 872 380 nra.
897 331 945 380 rx.

257 493 279 529 “
292 494 464 562 Obtestor:
490 513 713 579 quaecumque
728 491 811 557 mihi
825 491 956 557 fortuna
970 490 1115 574 fidesque
1131 493 1191 572 est,
1249 485 1318 553 260

257 599 278 633 “
291 599 333 664 10
348 598 462 664 vestris
472 619 556 684 pono
572 597 721 684 gremiis:
746 603 894 662 revocate
909 601 1092 681 parentem,

257 704 278 738 “
292 704 433 769 Reddite
449 711 680 788 conspectum3
704 702 788 766 nihil
803 702 859 766 illo
874 701 969 766 triste
984 707 1124 785 recepto.

258 808 279 842 “
294 809 379 873 Bina
394 809 478 874 dabo
494 816 627 894 argento
642 806 785 892 perfecte
801 814 901 890 atque
917 825 1032 890 aspera
1048 803 1148 890 signis

258 913 279 946 “
290 915 423 997 Pocula,
434 913 570 978 devicto
585 912 712 998 genitor
727 932 810 996 quae
827 909 915 996 oepit
931 909 1062 993 Arisba,

258 1017 283 1051 “
294 1019 341 1083 Et
356 1018 500 1104 tripodas
516 1017 670 1103 geminos,
687 1017 758 1081 auri
773 1017 838 1081 duo
854 1036 974 1101 magna
990 1015 1128 1098 talenta,
1251 1013 1321 1078 265

259 1122 280 1155 “
294 1123 427 1189 Oratera
442 1123 627 1208 antiquum,
646 1143 745 1206 quem
761 1121 820 1186 dat
838 1119 971 1187 Sidonia
987 1119 1084 1186 Dido.

259 1227 415 1294 “sivero
431 1249 545 1313 capere
561 1225 697 1291 Italiam
714 1225 914 1312 sceptrisque
929 1224 1028 1311 potiri

260 1332 281 1364 “
296 1331 479 1417 Contigerit
494 1330 618 1414 victori,
636 1337 670 1395 et
685 1329 824 1413 praedae
840 1329 945 1393 dicere
962 1335 1102 1394 sortem:

261 1436 282 1469 “
300 1435 433 1520 Vidisti,
452 1457 516 1520 quo
533 1435 664 1500 Turnus
680 1455 774 1519 equo,
793 1432 913 1519 quibus
927 1433 998 1498 ibat
1013 1433 1049 1497 in
1064 1431 1162 1496 armis

263 1541 285 1574 “
299 1541 448 1607 Aureus:
473 1541 582 1626 ipsum
597 1539 703 1620 illum,
720 1539 864 1624 clipeum
879 1539 1057 1624 cristasque
1073 1537 1228 1602 rubentes
1252 1533 1321 1604 270

260 1645 469 1731 “Excipiam
486 1645 575 1727 sorti,
588 1643 660 1730 jam
674 1665 762 1709 nuno
779 1652 838 1709 tua
853 1643 1010 1729 praemia,
1027 1643 1116 1710 Nise.

261 1750 282 1784 “
296 1752 470 1816 Praeterea
484 1750 534 1816 bis
550 1771 607 1815 sex
622 1749 749 1836 genitor
763 1749 941 1814 lectissima
956 1756 1102 1814 matrum
1194 1811 1198 1818 .

262 1855 282 1888 “
293 1855 433 1942 Oorpora
448 1855 656 1941 captivosque
671 1854 775 1938 dabit,
790 1875 914 1939 suaque
930 1854 1080 1920 omnibus
1095 1873 1206 1936 arma;

261 1961 283 2045 ,‘
293 1961 433 2047 Insuper
449 1960 510 2044 his,
528 1958 637 2044 campi
651 1960 739 2044 quod
754 1979 812 2024 rex
826 1959 926 2024 habet
942 1959 1013 2044 ipse
1028 1958 1175 2024 Latinus.

262 2064 283 2098 “
297 2064 345 2129 Te
361 2086 444 2149 vero,
462 2085 535 2128 mea
551 2084 651 2149 quem
667 2061 782 2148 spatiis
798 2063 1001 2148 propioribus
1016 2071 1107 2128 aetas
1259 2061 1302 2130 27
1304 2066 1323 2128 5

262 2168 283 2202 “
297 2169 498 2254 Insequitur,
516 2169 697 2233 venerande
713 2188 805 2254 puer,
819 2167 890 2253 jam
905 2175 1034 2253 pectore
1049 2175 1120 2234 toto

264 2273 435 2360 “Accipio
451 2281 485 2338 et
502 2273 655 2338 comitem
672 2293 766 2338 casus
782 2273 980 2358 complector
996 2273 1031 2337 in
1046 2294 1164 2338 omnes.

262 2380 397 2445 “Nulla
412 2379 493 2445 meis
508 2380 577 2445 sine
592 2387 625 2444 te
641 2386 813 2464 quaeretur
828 2379 930 2465 gloria
945 2379 1059 2446 rebus:

264 2484 286 2518 “
301 2486 366 2552 Seu
381 2505 498 2570 paoem
513 2505 571 2548 seu
585 2485 671 2548 bella
686 2505 809 2570 geram,
827 2483 890 2550 tibi
904 2485 1050 2549 maxima
1065 2505 1173 2549 rerum

263 2588 284 2621 “
297 2588 544 2672 Verborumque
559 2588 668 2654 fides.''
716 2587 839 2654 Contra
855 2609 954 2673 quem
969 2589 1051 2654 talia
1065 2589 1154 2654 fatur
1257 2588 1325 2653 280

265 2693 447 2777 Euryalus:
474 2691 563 2756 “Me
578 2693 671 2757 nulla
687 2693 755 2758 dies
771 2701 842 2757 tam
857 2693 994 2758 fortibus
1010 2693 1097 2758 ausis

264 2797 499 2862 “Dissimilem
514 2787 675 2883 arguerit:
701 2805 835 2863 tantum
849 2797 981 2862 fortuna
999 2799 1141 2863 secunda

264 2902 285 2934 “
299 2901 400 2966 Haud
416 2902 550 2966 adversa
567 2903 673 2968 cadet.
723 2902 787 2968 Sed
802 2908 836 2966 te
854 2922 950 2987 super
967 2902 1076 2966 omnia
1091 2903 1175 2967 dona

264 3006 285 3039 “
299 3005 415 3072 Unum
430 3026 502 3072 oro:
528 3005 675 3091 genetrix
691 3003 816 3069 Priami
831 3006 872 3070 de
887 3013 984 3090 gente
999 3013 1130 3071 vetusta

264 3112 285 3144 “
297 3111 359 3177 Est
375 3109 467 3194 mihi,
485 3131 586 3195 quam
601 3110 757 3174 miseram
773 3099 881 3174 tenuit'
898 3132 963 3175 non
980 3110 1044 3175 Ilia
1059 3111 1157 3175 tellus
1258 3111 1326 3176 285

264 3215 431 3280 “Mecum
446 3216 670 3298 excedentem,
687 3236 753 3279 non
768 3213 896 3280 moenia
912 3215 994 3301 regis
1010 3215 1172 3280 Acestae:

265 3320 285 3352 “
298 3319 393 3384 Hane
410 3341 469 3406 ego
485 3339 572 3384 nunc
588 3319 735 3404 ignaram
749 3317 850 3403 hujus
865 3319 1092 3403 quodcumque
1108 3317 1221 3404 pericli
1237 3325 1289 3384 est

265 3422 404 3508 “Inque
421 3423 602 3488 salutatam
616 3421 864 3506 linquo,-Nox
879 3429 913 3486 et
931 3430 992 3487 tua
1007 3422 1102 3487 testis

266 3527 287 3560 “
301 3527 458 3611 Dextera,
476 3529 562 3612 quod
578 3547 740 3612 nequeam
754 3527 907 3592 lacrimas
922 3526 1061 3612 perferre
1077 3526 1246 3612 parentis3

266 3629 348 3695 “At
366 3639 415 3714 tu,
432 3652 496 3714 ore,
514 3631 616 3696 solare
631 3630 773 3716 inopem,
791 3638 825 3696 et
842 3651 991 3696 succurre
1007 3629 1150 3696 relictae.
1259 3629 1326 3696 290

265 3734 288 3768 “
302 3734 397 3799 Ηοοο
414 3735 482 3800 sine
497 3757 551 3800 me
567 3757 659 3822 spem
673 3735 757 3801 ferre
772 3735 843 3802 tui:
868 3735 1041 3801 audentior
1056 3735 1109 3801 ibo

266 3838 287 3872 “
300 3840 343 3904 In
359 3860 451 3905 casus
466 3843 608 3906 omnes.'’
656 3839 814 3905 Percussa
829 3847 941 3906 mente
958 3841 1074 3906 dedere

268 3942 473 4008 Dardanidae
488 3943 648 4025 lacrimas,
665 3950 742 4043 ante
759 3944 1023 4030 omnespuleher
1038 3944 1144 4028 Iulus,
