2898 4518
264 325 328 392 124
618 344 788 390 Annmnos
811 344 875 392 ma.
901 343 947 392 vr.

263 504 399 570 Talibus
414 503 527 569 orabat
543 504 651 588 dictis,
670 525 806 589 arasque
822 504 966 586 tenebat,

250 611 374 692 ‚Quum
387 609 436 676 sic
447 631 518 675 orsa
532 609 622 694 loqui
637 615 750 675 vates:
778 609 799 642 “
814 609 891 676 Sate
908 609 1065 694 sanguine
1081 607 1208 690 divum,
1259 607 1324 673 125

263 717 284 750 “
297 717 377 781 Tros
393 715 603 798 Anchisiade,
619 714 725 780 facilis
741 715 914 780 descensus
931 713 1083 780 Averno:

264 821 285 854 “
300 821 423 887 Noctes
438 827 539 906 atque
554 821 623 886 dies
639 828 733 906 patet
749 821 813 886 atri
824 819 928 905 janua
943 819 1054 901 Ditis3

264 927 284 958 ‘⁸
300 928 364 995 Sed
380 948 527 992 revocare
543 927 680 1012 gradum
697 947 893 1012 superasque
910 927 1045 991 evadere
1061 925 1104 989 ad
1119 945 1225 1009 auras,
1302 975 1307 984 .

264 1032 285 1064 “
298 1031 370 1098 Hoc
387 1053 478 1118 opus,
496 1031 549 1097 hic
564 1032 655 1097 labor
669 1039 738 1098 est:
763 1033 869 1117 pauci,
887 1053 968 1116 quos
984 1051 1108 1115 aequus
1125 1030 1251 1095 amavit

264 1136 430 1223 “Jupiter
445 1145 505 1202 aut
520 1138 637 1203 ardens
653 1137 761 1202 evexit
776 1137 819 1202 ad
836 1137 969 1202 aethera
983 1137 1099 1220 virtus,
1262 1135 1326 1197 130

263 1240 360 1307 “Dis
374 1241 478 1327 geniti
493 1249 636 1328 potuere.
686 1240 815 1306 Tenent
829 1242 939 1306 media
954 1241 1063 1306 omnia
1079 1241 1190 1324 silvae,

264 1345 285 1377 “
299 1344 501 1431 Cocytosque
518 1345 592 1412 sinu
606 1346 720 1411 labens
736 1345 949 1411 circumvenit
966 1354 1044 1413 atro.

238 1489 243 1502 ·
264 1451 395 1533 “Quod
411 1451 437 1517 si
454 1459 569 1517 tantus
584 1470 675 1516 amor
690 1451 805 1536 menti,
823 1451 850 1516 si
865 1458 960 1516 tanta
976 1451 1095 1538 cupido
1110 1458 1160 1516 est

263 1555 357 1622 “Bis
374 1557 504 1642 Stygios
518 1556 630 1622 innare
646 1557 746 1641 lacus,
763 1557 813 1622 bis
829 1557 922 1643 nigra
937 1556 1045 1622 videre

264 1662 284 1694 ‘⁴
296 1661 445 1746 Tartara,
464 1669 498 1728 et
512 1662 626 1728 insano
637 1661 735 1748 juvat
750 1661 918 1748 indulgere
933 1663 1054 1744 labori;
1261 1662 1326 1726 135

264 1766 285 1800 “
298 1767 432 1853 Accipe,
449 1788 533 1853 quae
549 1769 733 1854 peragenda
749 1768 846 1854 prius.
894 1768 995 1833 Latet
1011 1769 1122 1832 arbore
1138 1788 1242 1854 opaca

264 1871 426 1938 “Aureus
441 1881 475 1938 et
491 1873 577 1938 foliis
592 1881 627 1938 et
642 1873 732 1938 lento
747 1873 868 1956 vimine
884 1895 1002 1958 ramus,

264 1976 286 2009 “
299 1977 425 2042 Junoni
440 1977 583 2042 infernae
598 1976 707 2044 dictus
723 1999 833 2060 sacer;
857 1978 945 2043 hunc
961 1977 1045 2063 tegit
1061 1975 1167 2042 omnis

265 2081 285 2114 “
297 2082 470 2166 Lucus,1et
486 2083 628 2149 obscuris
644 2083 804 2149 claudunt
821 2083 1021 2148 convallibus
1037 2081 1180 2146 umbrae.

265 2187 364 2254 “Sed
380 2209 444 2253 non
460 2195 537 2253 ante
553 2189 652 2254 datur
667 2188 794 2254 telluris
809 2195 921 2273 operta
938 2188 1054 2271 subire,
1263 2183 1328 2250 140

262 2291 285 2362 .“
299 2291 492 2360 Auricomos
508 2313 609 2377 quam
625 2291 682 2378 qui
697 2293 892 2378 decerpserit
908 2293 1018 2358 arbore
1033 2291 1143 2358 tetus:

185 2468 186 2472 ,
264 2397 368 2462 “Hoc
384 2397 447 2462 sibi
462 2397 598 2482 pulchra
615 2419 711 2462 suum
726 2385 801 2462 ferri
818 2397 1010 2483 Proserpina
1025 2418 1145 2460 munus

264 2501 286 2534 “
299 2501 462 2568 Instituit.
511 2501 622 2567 Primo
638 2502 751 2567 avulso
767 2525 833 2567 non
848 2503 959 2568 deficit
975 2503 1058 2567 alter

264 2606 285 2640 “
295 2606 436 2690 Aureus,
453 2614 487 2671 et
503 2605 601 2671 simili
615 2605 792 2671 frondescit
807 2606 898 2692 virga
914 2606 1056 2672 metallo.

216 2741 222 2754 ·
265 2711 386 2796 “Ergo
402 2711 469 2775 alte
484 2710 609 2796 vestiga
624 2711 736 2794 oculis,
754 2721 788 2774 et
803 2710 866 2776 rite
883 2719 1048 2797 repertum
1262 2709 1327 2777 145

265 2817 286 2850 “
300 2816 406 2900 Carpe
422 2837 544 2881 manu:
569 2835 710 2900 namque
725 2815 795 2900 ipse
811 2816 920 2881 volens
935 2815 1103 2900 facilisque
1121 2823 1287 2900 sequetur,

264 2921 285 2953 “
300 2921 336 2986 Si
351 2928 384 2984 te
399 2919 471 2984 fata
487 2927 624 3000 vocant3
650 2919 747 2984 aliter
761 2941 826 2984 non
841 2919 965 2985 viribus
981 2919 1057 2984 ullis

264 3024 284 3058 “
298 3024 446 3108 Vincere,
463 3045 522 3088 nec
539 3024 619 3088 duro
635 3024 754 3108 poteris
769 3025 947 3090 convellere
963 3026 1054 3091 ferre.

265 3129 474 3193 “Praeterea
486 3127 576 3213 jacet
593 3127 784 3192 exanimum
800 3129 862 3194 tibi
878 3151 993 3216 corpus
1008 3129 1122 3194 amici-

264 3234 377 3298 “Heu
392 3233 496 3297 nescis
508 3238 544 3317 l·,
561 3239 733 3318 totamque
748 3233 890 3299 incestat
906 3235 1016 3300 funere
1032 3235 1181 3319 classem,
1263 3236 1329 3302 150

263 3339 391 3404 “Dum
407 3338 557 3404 consulta
573 3337 658 3423 petis
673 3347 847 3424 nostroque
863 3339 898 3404 in
914 3339 1028 3404 limine
1043 3341 1173 3425 pendes.

263 3444 284 3477 “
300 3443 438 3511 Sedibus
452 3443 540 3508 hunc
556 3443 732 3511 referente
749 3444 815 3509 suis
830 3453 864 3509 et
880 3445 981 3510 conde
998 3445 1152 3530 sepulcro.

263 3548 285 3582 ‘¹
299 3548 375 3613 Due
390 3547 498 3633 nigras
513 3547 673 3631 pecudes:
699 3568 737 3612 ea
753 3547 861 3632 prima
878 3547 1008 3634 piacula
1022 3555 1128 3614 sunto.

264 3654 286 3688 “
300 3653 354 3720 sic
369 3654 503 3718 demum
518 3652 609 3717 lucos
627 3652 736 3737 Stygis
753 3661 785 3717 et
803 3675 900 3738 regna
916 3651 1004 3718 invia
1019 3652 1102 3717 vivis

264 3759 285 3792 ·‘
298 3756 499 3844 Adspicies.”
547 3756 654 3840 Dixit,
672 3778 842 3842 pressoque
859 3757 1027 3823 obmutuit
1043 3777 1105 3824 ore.
1266 3759 1327 3824 155

328 3862 457 3926 Aeneas
472 3867 596 3925 maesto
611 3860 738 3926 defixus
753 3859 880 3927 lumina
895 3863 991 3927 vultu

263 3965 465 4050 Ingreditur,
481 3963 632 4048 linquens
648 3973 792 4050 antrum,
808 3987 984 4052 caecosque
999 3966 1129 4031 volutat
