2898 4518
535 1105 573 1182 P'.
602 1112 796 1182 VIRGlLll
826 1110 1018 1181 lllROlllS

452 1317 1099 1417 AENEIDOS

569 1556 713 1625 LIBER
738 1557 971 1626 OCTAVUS.

668 1769 883 1798 -ῃμ-

250 1925 300 1992 Ut
314 1925 393 1992 belli
409 1924 539 2012 siguum
554 1923 713 1990 Laurenti
729 1923 860 1988 Tamus
875 1923 917 1988 ab
934 1945 1007 1989 arce

249 2030 393 2115 Extulit,
411 2038 445 2095 et
461 2051 557 2095 rauco
574 2035 781 2115 strepuerunt
798 2050 918 2093 cornua
933 2036 1045 2114 cantu,

249 2134 364 2220 thue
380 2155 468 2200 acres
484 2133 646 2199 concussit
661 2154 770 2218 equos,
787 2140 890 2218 utque
905 2133 1040 2218 impulit
1056 2153 1170 2216 arma;

250 2239 425 2325 Extemplo
440 2237 569 2304 turbati
584 2237 696 2322 animi,
714 2237 813 2303 simul
828 2259 921 2302 omne
938 2238 1086 2304 tumultu

250 2343 406 2428 Gonjurat
423 2343 548 2429 trepido
563 2341 709 2427 Latium,
727 2343 894 2427 saevitque
905 2343 1063 2428 juventus
1292 2347 1313 2412 5

249 2448 365 2515 Effera.
414 2448 576 2514 Ductores
592 2447 700 2534 primi,
718 2447 889 2533 Messapus
905 2456 939 2513 et
956 2448 1063 2514 Ufens
1359 2429 1366 2442 ⁸

250 2551 501 2638 Oontemtorque
517 2554 615 2617 deum
633 2551 826 2635 Mezentius,
844 2553 987 2637 undique
1004 2560 1125 2638 cogunt

249 2655 396 2740 Auxilia,
413 2663 447 2721 et
462 2657 546 2722 latos
561 2663 693 2721 vastant
710 2655 887 2722 cultoribus
902 2678 1002 2742 agros.

250 2760 400 2824 Mittitur
414 2767 448 2824 et
464 2761 576 2846 magni
592 2759 748 2825 Venulus*
760 2759 928 2825 Diomedis
944 2762 987 2826 ad
1002 2761 1128 2845 urbem,

250 2865 313 2946 Qui
329 2871 421 2949 petat
436 2863 607 2949 auxilium,
625 2871 669 2949 et,
686 2865 782 2929 Latio
797 2865 971 2930 consistere
988 2866 1141 2950 Teucros,
1268 2865 1311 2930 10
1409 2858 1413 2864 ’

128 3039 130 3044 ,
250 2969 438 3034 Advectum
452 2968 589 3033 Aenean
604 2969 698 3034 classi
713 2969 883 3054 victosque
900 2969 1040 3036 Penates

250 3071 383 3156 Iasone,
401 3078 435 3137 et
450 3072 527 3137 fatis
543 3094 652 3158 regem
667 3077 701 3138 se'
716 3073 820 3138 dicere
838 3073 937 3160 posci,

240 3161 406 3260 Mdoceat,
423 3177 611 3262 multasque
627 3176 695 3242 viro
710 3199 743 3242 se
760 3177 936 3263 adjungere
951 3187 1064 3266 gentes

251 3281 427 3368 Dardanio,
443 3289 477 3346 et
492 3282 560 3346 late
577 3281 672 3346 Latio
687 3281 919 3348 increbrescere
936 3305 1062 3351 nomen.

250 3384 338 3465 Quid
353 3393 462 3450 struat
476 3384 528 3450 his
545 3384 678 3471 coeptis,
695 3407 804 3470 quem,
822 3386 849 3452 si
864 3387 1014 3452 Fortuna
1031 3394 1198 3472 sequatur,
1271 3390 1311 3455 15

250 3489 417 3554 Eventum
432 3511 562 3576 pugnae
579 3490 702 3576 cupiat,
719 3490 923 3556 manifestius
938 3491 1012 3577 ipsi,

251 3594 358 3674 Quam
374 3592 485 3659 Turno
500 3594 569 3681 regi
583 3602 642 3660 aut
658 3595 726 3680 regi
742 3615 897 3680 apparere
913 3595 1041 3661 Latina.

319 3697 414 3762 Talia
430 3719 486 3782 per
501 3697 644 3765 Latium.
690 3698 782 3780 Quae
798 3698 1052 3764 Laomedontius
1067 3699 1161 3764 heros

251 3801 381 3868 Cuncta
396 3801 510 3867 videns
524 3824 643 3888 magno
659 3825 810 3868 curarum
826 3801 967 3869 fluctuat
983 3811 1087 3888 aestu,

218 3993 223 4002 Ι
251 3908 362 3992 Atque
378 3907 525 3971 animum
541 3929 629 3973 nuno
644 3910 707 3974 huo
724 3910 859 3974 celerem
875 3931 962 3974 nuno
979 3909 1098 3975 dividit
1114 3909 1207 3996 illuc,
1269 3909 1313 3975 20

251 4012 291 4075 ln
307 4019 479 4095 partesque
496 4011 582 4096 rapit
598 4013 711 4097 varias,
729 4037 850 4099 perque
863 4017 971 4080 omnia
986 4023 1117 4082 versat:
1379 3991 1390 4016 ⁶
