2944 4522
504 331 675 380 snunrnos
698 333 762 382 nra.
789 333 836 381 rx.
1144 313 1209 377 211

148 488 291 556 Martius
306 512 327 555 a
342 490 483 556 stabulis
498 491 609 577 rapuit
624 493 733 578 lupus.
781 491 939 577 Undique
955 491 1078 557 clamor

143 595 302 662 Tollitur.
350 597 521 661 Invadunt
537 604 571 661 et
587 598 686 662 fossas
703 619 818 683 aggere
834 598 1020 683 complent;

149 699 315 765 Ardentes
331 701 446 765 taedas
462 699 519 764 alii
533 700 577 764 ad
591 701 724 786 fastigia
736 700 876 785 jactant.

32 869 34 874 .
150 804 296 870 Ilioneus
311 826 389 869 saxo
406 811 505 888 atque
520 805 648 890 ingenti
663 806 821 890 fragmine
837 805 959 871 montis

151 907 326 972 Lucetium
342 915 454 992 portae
470 908 666 974 subeuntem
680 909 837 994 ignesque
853 909 1024 993 ferentem,
1145 907 1212 977 570

150 1011 351 1076 Emathiona
366 1012 475 1098 Liger,
494 1011 699 1097 Corynaeum
715 1014 833 1078 sternit
849 1014 979 1098 Asylas,

152 1116 217 1182 Hic
229 1117 340 1203 jaculo
354 1118 469 1202 bonus,
485 1118 538 1183 hic
554 1119 649 1204 longe
665 1118 800 1184 fallente
811 1120 959 1208 *sagitta3

154 1221 330 1308 Ortygium
348 1221 505 1306 Caeneus,
523 1223 681 1288 victorem
698 1223 828 1290 Caenea
845 1225 989 1308 Turnus,

153 1327 285 1392 Turnus
301 1327 392 1412 Itym
409 1325 637 1412 Cloniumque,
656 1327 860 1414 Dioxippum
877 1330 1141 1416 Promolumque,

151 1432 198 1497 Et
216 1431 364 1518 Sagarim
379 1439 414 1496 et
430 1433 567 1497 summis
583 1440 727 1498 stantem
743 1456 799 1518 pro
815 1435 959 1500 turribus
975 1436 1070 1519 Idan,
1148 1432 1213 1503 575

153 1538 348 1602 Privernum
365 1536 482 1622 Capys.
529 1537 629 1602 Hunc
645 1539 750 1624 primo
764 1539 844 1604 levis
859 1540 954 1605 hasta
971 1539 1154 1605 Themillae

155 1644 362 1726 Strinxerat;
387 1643 442 1707 illc
458 1665 594 1708 manum
610 1643 752 1728 projecto
768 1645 910 1730 tegmine
925 1647 1058 1711 demens

152 1748 210 1814 Ad
225 1748 345 1813 vulnus
360 1748 462 1814 tulit:
488 1769 563 1833 ergo
578 1749 638 1814 alis
653 1749 779 1834 allapsa
795 1750 918 1835 sagitta

153 1853 200 1918 Et
216 1853 306 1918 laevo
322 1853 423 1917 infixa
439 1863 488 1918 est
503 1853 598 1918 lateri
613 1875 740 1938 manus,
757 1854 935 1940 abditaque
949 1854 1038 1920 intus

156 1959 363 2045 Spirameuta
380 1958 508 2022 animae
525 1959 618 2023 letali
632 1959 764 2023 vulnere
781 1959 878 2046 rupit.
1149 1959 1215 2026 580

156 2063 276 2131 Stabat
292 2063 328 2128 in
343 2063 480 2149 egregiis
495 2062 649 2128 Arcentis
664 2063 753 2128 filius
770 2063 880 2147 armis,

135 2163 272 2234 'Pictus
287 2189 350 2233 acu
364 2168 568 2253 chlamydem
585 2176 619 2232 et
634 2168 798 2254 ferrugine
814 2169 919 2233 clarus
935 2165 1070 2251 Hibera,

156 2274 300 2361 Insignis
315 2274 407 2358 facie,
425 2275 553 2360 genitor
568 2295 666 2358 quem
680 2275 815 2338 miserat
831 2273 957 2338 Arcens

156 2381 327 2446 Eductam
343 2381 456 2446 matris
471 2381 545 2446 luco
563 2379 753 2464 Symaethia
769 2379 891 2444 circum

156 2485 323 2569 Flumina,
340 2485 471 2571 pinguis
486 2483 544 2550 ubi
560 2492 595 2550 et
610 2484 779 2570 placabilis
795 2507 851 2549 ara
867 2483 991 2550 Palici:
1151 2482 1217 2550 585

159 2590 359 2657 Stridentem
373 2590 513 2654 fundam
528 2588 641 2674 positis
658 2588 842 2654 Mezentius
857 2588 962 2654 hastis

158 2696 234 2780 Ipse
249 2702 300 2759 ter
315 2694 459 2759 adducta
474 2695 596 2758 circum
612 2701 713 2779 caput
729 2693 797 2779 egit
812 2693 950 2778 habena,

158 2799 204 2864 Ilt
222 2799 330 2864 media
346 2798 472 2865 adversi
487 2799 666 2883 liquefacto
680 2806 830 2885 tempora
845 2798 981 2884 plumbo

159 2905 303 2989 Diffidit,
319 2927 357 2970 ac
373 2904 480 2969 multa
496 2909 682 2990 porrectum
698 2903 848 2969 extendit
865 2925 971 2970 arena.

158 3010 247 3076 Tum
263 3010 405 3096 primum
418 3010 503 3075 bello
519 3009 655 3074 celerem
669 3007 848 3074 intendisse
863 3007 1020 3094 sagittam
1153 3005 1220 3073 590

159 3117 301 3202 Dicitur,
318 3116 494 3182 anteferas
510 3115 622 3180 solitus
638 3121 757 3180 terrere
772 3113 916 3200 fugaces,

158 3221 333 3306 Ascanius,
349 3222 531 3305 fortemque
546 3241 649 3285 manu
663 3219 786 3285 fudisse
801 3219 1008 3300 Numanum,

159 3328 224 3395 Oui
239 3327 382 3393 Remulo
397 3348 576 3412 cognomen
591 3333 672 3411 erat,
690 3325 858 3410 Turnique
875 3323 1035 3387 minorem

159 3432 359 3499 Germanam
374 3452 478 3517 nuper
492 3431 640 3496 thalamo
656 3431 796 3497 sociatus
812 3428 964 3493 habebat.

159 3537 195 3603 Is
209 3537 351 3624 primam
366 3543 444 3601 aute
460 3535 564 3600 aciem
578 3535 678 3620 digna
693 3541 793 3618 atque
808 3531 943 3618 indigna
958 3529 1065 3597 relatu
1154 3533 1220 3598 595

160 3642 361 3724 Vociferans,
378 3641 590 3724 tumidusque
605 3660 688 3704 novo
704 3637 890 3724 praecordia
907 3658 1005 3724 reguo

161 3747 238 3813 Ibat
253 3753 288 3812 et
303 3746 470 3831 ingentem
487 3766 554 3810 sese
570 3744 708 3809 clamore
722 3741 865 3808 ferebat:

163 3853 184 3886 “
196 3852 275 3920 Non
290 3852 395 3938 pudet
411 3849 575 3916 obsidione
590 3849 711 3914 iterum
725 3848 874 3934 valloque
889 3849 1005 3934 teneri,

161 3958 256 4025 “Bis
273 3956 366 4042 capti
382 3957 539 4042 Phryges,
555 3961 589 4020 at
605 3954 705 4020 morti
719 3955 931 4040 praetendere
947 3956 1087 4022 muros?
