2922 4516
494 359 664 407 Annumos
686 361 751 408 IrIB.
776 359 838 408 XII.

135 523 176 589 Se
191 541 323 587 causam
340 520 466 586 clamat
482 519 669 603 crimenque
685 525 850 604 caputque
866 517 1038 600 malorum,

134 626 308 710 Multaque
323 646 382 711 per
400 632 563 690 maestum
578 625 712 689 demens
727 623 826 688 effata
842 623 992 707 furorem,

36 805 39 814 p
135 732 320 816 Purpureos
334 729 495 794 moritura
510 749 612 793 manu
626 727 781 794 discindit
797 725 948 812 amictus,

134 835 182 900 Et
198 834 320 899 nodum
334 833 483 898 informis
497 833 557 898 leti
572 833 665 898 trabe
681 833 784 898 nectit
800 833 841 896 ab
858 833 934 898 alta.

136 941 245 1020 Quam
262 939 391 1004 cladem
406 937 542 1003 miserae
557 945 733 1024 postquam
749 957 900 1022 accepere
915 936 1072 1020 Latinae;

74 1045 76 1048 ’
135 1045 223 1109 Filia
238 1044 344 1130 prima
360 1065 463 1108 manu
476 1043 576 1109 flavos
590 1042 728 1108 Lavinia
744 1040 846 1107 crines

135 1151 183 1214 Et
198 1171 304 1216 roseas
318 1149 447 1216 laniata
462 1171 572 1236 genas,
589 1155 663 1214 tum
678 1154 786 1214 cetera
801 1147 926 1212 circum

137 1254 259 1338 Turba,
274 1253 378 1337 furit;
402 1260 554 1320 resonant
568 1253 636 1319 late
651 1252 862 1338 plangoribus
876 1251 980 1318 aedes.
1020 1325 1023 1332 ,
1153 1335 1156 1342 ⁴

137 1359 225 1424 Hinc
240 1367 347 1424 totam
360 1357 477 1424 infelix
490 1358 647 1444 vulgatur
661 1357 751 1422 fama
766 1378 825 1443 per
838 1357 970 1424 urbem:
1044 1383 1048 1393 ’

138 1462 333 1528 Demittunt
347 1469 474 1528 mentes
488 1482 497 1544 ;
521 1462 550 1527 it
565 1461 663 1528 scissa
678 1468 767 1526 veste
783 1459 934 1546 Latinus,

139 1566 296 1653 Oonjugis
312 1565 476 1632 attonitus
491 1566 569 1632 fatis
584 1565 738 1652 urbisque
754 1566 859 1650 ruina,

139 1670 305 1738 Canitiem
320 1670 492 1736 immundo
506 1668 671 1757 perfirsam
687 1669 820 1755 pulvere
835 1677 983 1756 turpans,

138 1773 311 1859 Multaque
328 1795 362 1840 se
377 1773 518 1858 incusat,
536 1774 593 1860 qui
608 1795 674 1839 non
688 1773 849 1860 acceperit
865 1781 942 1839 ante

137 1879 344 1944 Dardanium
358 1877 507 1962 Aenean,
523 1899 741 1964 generumque
756 1877 928 1944 adsciverit
942 1879 1038 1946 ultra.

205 1983 338 2048 Interea
353 1990 499 2050 extremo
513 1982 654 2049 bellator
668 1983 704 2048 in
718 2003 855 2069 aequore
872 1983 1004 2050 Turnus

139 2087 299 2152 Palantes
315 2085 464 2172 sequitur
478 2107 609 2173 paucos,
621 2084 693 2172 jam
709 2086 845 2173 segnior,
862 2093 963 2172 atque

140 2192 222 2258 Jam
236 2191 346 2258 minus
361 2198 462 2277 atque
476 2191 585 2258 minus
601 2213 753 2258 successu
768 2191 876 2258 laetus
892 2211 1059 2277 equorum.

138 2296 270 2362 Attulit
286 2295 374 2362 hunc
389 2296 441 2362 illi
456 2296 558 2362 caecis
574 2295 753 2362 terroribus
770 2317 850 2362 aura

140 2400 367 2468 Oommixtum
382 2401 566 2486 clamorem,
583 2408 789 2487 arrectasque
804 2400 939 2488 impulit
955 2421 1049 2466 aures

140 2503 302 2570 Oonfusae
317 2527 415 2572 sonus
429 2507 518 2572 urbis
534 2513 568 2572 et
584 2505 762 2572 illaetabile
778 2527 935 2573 murmur.

140 2607 242 2674 “Hei
255 2609 347 2695 mihi,
365 2609 444 2695 quid
459 2618 555 2678 tanto
571 2613 747 2678 turbantur
761 2612 890 2676 moenia
903 2611 1008 2697 luctu,
1130 2613 1197 2680 620

141 2713 294 2796 “Quisve
310 2715 376 2780 ruit
391 2723 506 2782 tantus
522 2717 647 2784 diversa
662 2717 784 2782 clamor
798 2717 840 2782 ab
855 2716 934 2782 urbe
949 2718 997 2784 ?''

142 2819 196 2886 Sic
212 2820 271 2904 ait,
291 2821 506 2908 adductisque
522 2845 634 2889 amens
650 2823 799 2890 subsistit
814 2823 958 2890 habenis.

143 2923 253 3010 Atque
267 2924 355 3011 huic,
371 2925 538 2993 infaciem
554 2949 638 2993 soror
652 2935 691 2994 ut
707 2949 858 2994 conversa
874 2928 1006 2995 Metisci

58 3111 61 3122 Ι
141 3029 286 3116 Aurigae
302 3052 495 3116 currumque
511 3040 545 3098 et
561 3053 660 3118 equos
675 3041 709 3098 et
724 3033 792 3098 lora
807 3033 952 3118 regebat,

141 3133 278 3200 Talibus
293 3135 432 3200 occurrit
449 3135 565 3203 dictis:
592 3135 613 3169 “
625 3135 708 3221 Hac,
726 3135 847 3220 Turne,
866 3157 1041 3221 sequamur

142 3247 162 3271 ·‘
177 3237 387 3324 Trojugenas,
404 3260 470 3324 qua
484 3239 592 3325 prima
608 3240 695 3305 viam
710 3239 846 3306 victoria
862 3238 1003 3325 pandit:

143 3345 163 3376 “
178 3344 264 3410 Sunt
279 3343 345 3429 alii,
362 3345 419 3430 qui
434 3353 525 3412 tecta
539 3367 642 3410 manu
656 3346 826 3412 defendere
841 3343 975 3430 possint.

143 3449 309 3536 “Ingruit
324 3449 452 3516 Aeneas
468 3450 563 3515 Italis
579 3457 613 3514 et
628 3450 749 3536 proelia
765 3449 893 3534 miscet,

143 3554 225 3619 “Et
239 3576 299 3620 nos
314 3577 410 3621 saeva
426 3577 527 3621 manu
543 3555 716 3621 mittamus
731 3555 845 3620 funcra
862 3555 1004 3621 Teucris.

143 3659 165 3692 “
178 3659 249 3724 Nec
264 3681 398 3728 numero
412 3660 550 3745 inferior,
564 3681 694 3746 pugnae
710 3681 814 3744 neque
829 3659 946 3724 honore
962 3659 1121 3728 recedes.''
1134 3661 1199 3726 630

142 3762 275 3830 Turnus
291 3765 333 3829 ad
347 3764 428 3830 haec
443 3786 451 3832 ε

143 3869 166 3900 “
181 3868 209 3935 Ο
228 3891 325 3954 soror,
341 3877 375 3935 et
390 3870 518 3935 dudum
533 3869 661 3956 agnovi,
677 3889 781 3953 quum
796 3870 903 3954 prima
918 3893 976 3956 per
991 3877 1096 3937 artem

142 3972 325 4040 “Foedera
339 3975 480 4042 turbasti
495 3982 594 4061 teque
608 3974 689 4039 haec
705 3973 740 4039 in
754 3975 984 4061 helladedisti,
