2838 4522
480 301 651 348 Anuaruos
674 300 738 350 arn.
763 301 798 350 11.
1126 283 1169 350 49

103 459 342 547 Nequidquam
354 459 559 546 ingeminans
571 461 757 547 iterumque
768 461 953 547 iterumque
965 460 1087 530 vocavi.
1104 458 1170 530 770

104 565 284 648 Quaerenti
299 573 333 630 et
348 565 448 632 tectis
462 564 551 632 urbis
567 566 636 631 sine
651 567 716 631 fine
731 565 863 650 furenti,

104 672 230 736 Infelix
246 671 459 738 simulacrum
473 677 573 756 atque
588 670 691 757 ipsius
707 671 824 736 umbra
842 671 982 738 Creusae

104 778 190 843 Visa
204 777 289 842 rnibi
303 783 381 842 ante
397 775 505 842 oeulos
521 784 554 841 et
570 784 649 841 nota
664 775 765 861 major
779 777 902 862 imago-

106 881 288 968 Obstupui‚
306 888 534 966 steteruntque
551 902 660 946 comae
676 889 709 946 et
724 902 787 946 vox
801 881 951 948 faucibus
966 879 1099 966 haesit,

102 987 194 1050 Tum
209 987 255 1052 sic
271 986 365 1052 affari
380 993 414 1052 et
431 1007 525 1052 cures
540 985 591 1052 his
607 986 736 1051 demere
752 985 869 1052 dictis:
1102 982 1168 1054 775

103 1091 127 1125 “
142 1091 232 1172 Quid
246 1099 382 1157 tantum
395 1093 509 1156 insano
521 1089 618 1176 juvat
633 1091 801 1177 indulgere
816 1089 928 1174 dolori,

102 1195 124 1228 “
139 1195 167 1262 Ο
185 1197 291 1262 dulcis
306 1196 453 1282 conjux?
479 1217 545 1260 non
559 1195 639 1260 haec
656 1194 724 1260 sine
741 1194 874 1260 numine
889 1195 1004 1260 divum

102 1300 309 1366 “Eveniunt
323 1321 332 1383 ;
356 1322 416 1365 nec
432 1307 467 1365 te
483 1300 637 1365 comitem
652 1299 729 1365 hinc
745 1307 874 1386 portare
892 1299 1048 1366 Oresteam

104 1403 126 1436 “
140 1404 219 1490 Fas,
237 1412 297 1470 aut
311 1405 368 1470 ille
385 1404 462 1470 sinit
479 1403 588 1490 superi
603 1410 756 1490 regnator
773 1404 915 1490 Olympi.

102 1508 123 1541 “
134 1509 252 1596 Longe
263 1509 325 1575 tibi
337 1509 462 1594 exsilia,
473 1515 507 1574 et
518 1517 650 1575 vastum
661 1509 760 1574 maris
772 1531 890 1595 aequor
901 1511 1083 1594 arandum3
1100 1507 1167 1579 780

101 1613 187 1678 “Et
201 1621 325 1679 terram
341 1613 534 1700 Hesperiam
548 1614 667 1699 venies,
683 1614 742 1680 ubi
757 1614 880 1700 Lydius
896 1637 974 1680 arva

100 1717 123 1750 “
136 1718 235 1782 Inter
250 1717 358 1804 opima
373 1718 481 1782 virum
496 1718 562 1783 leni
577 1718 653 1783 fluit
668 1717 798 1802 agmine
815 1719 964 1804 Thybris,

100 1822 210 1888 “Illic
227 1845 276 1888 res
292 1823 399 1888 laetae
413 1844 614 1909 regnumque
630 1830 664 1888 et
679 1823 766 1909 regia
781 1823 901 1909 conjux

100 1928 122 1962 “
135 1927 241 1992 Parta
256 1927 337 1994 tibi:
362 1928 512 1994 lacrimas
528 1928 666 1994 dilectae
681 1929 766 2014 pelle
783 1929 933 1994 Creusae.

102 2033 124 2066 “
134 2033 170 2098 N
171 2055 213 2098 on
228 2055 287 2120 ego
302 2033 545 2119 Myrmidonum
560 2035 651 2100 sedes
668 2033 872 2118 Dolopumve
888 2034 1041 2119 superbas
1099 2030 1165 2103 785

99 2139 122 2173 “
134 2138 339 2224 Adspiciam,
356 2145 415 2204 aut
432 2138 541 2205 Graiis
558 2139 717 2205 servitum
732 2138 895 2204 matribus
909 2137 974 2222 ibc,

99 2246 121 2278 “
136 2243 302 2310 Dardanis
317 2252 351 2309 et
366 2245 461 2309 divae
477 2244 613 2310 Veneris
628 2265 752 2327 nurus;

99 2350 122 2383 “
137 2350 204 2417 Sed
217 2371 270 2415 me
284 2371 404 2436 magna
419 2351 520 2415 deum
537 2349 697 2416 Genetrix
712 2349 763 2416 his
778 2349 904 2414 detinet
920 2348 990 2415 oris.

99 2454 122 2488 “
134 2455 160 2520 J
162 2475 281 2540 amque
296 2455 378 2540 vale,
395 2462 428 2520 et
443 2455 515 2520 nati
531 2475 622 2520 serva
638 2455 819 2522 communis
834 2457 1007 2522 amorem.’'

98 2559 192 2625 Haec
209 2559 267 2626 ubi
282 2559 371 2626 dieta
386 2560 489 2644 dedit,
505 2559 731 2626 lacrimantem
746 2567 780 2625 et
796 2561 904 2626 multa
919 2562 1082 2627 volentem
1097 2558 1164 2628 790

99 2665 219 2730 Dicere
235 2665 588 2751 deseruit‚.tenuesque
603 2665 735 2732 recessit
752 2664 788 2730 in
803 2687 907 2734 auras.

98 2770 165 2834 Ter
179 2775 317 2835 conatus
333 2769 379 2834 ibi
395 2770 475 2835 collo
491 2770 567 2835 dare
582 2769 714 2836 brachia
729 2770 862 2855 circum,

98 2874 165 2938 'Per
181 2873 303 2940 frustra
319 2895 506 2960 comprensa
521 2896 640 2941 manns
656 2874 772 2962 effugit
787 2876 905 2963 imago,

19 3063 23 3070 Ι
99 2979 167 3045 Par
182 2979 308 3045 levibus
323 2979 430 3044 ventis
445 2979 631 3066 volucrique
648 2980 813 3046 simillima
829 3003 949 3049 somne.

98 3085 154 3152 Sic
170 3085 305 3149 demum
321 3084 421 3152 socios
436 3093 609 3150 consumta
625 3093 719 3150 nocte
736 3086 847 3152 revise.
1095 3083 1161 3156 795

164 3188 280 3275 Atque
296 3190 350 3256 hic
365 3189 710 3277 ingentemcomitum
725 3189 889 3257 affluxisse
904 3211 1061 3256 novorum

96 3294 233 3360 Invenio
248 3295 410 3362 admirans
425 3317 610 3380 numerum,
627 3303 812 3381 matresque
827 3295 987 3381 virusque,

98 3400 281 3466 Collectam
297 3401 410 3468 exsilic
426 3401 559 3488 pubem,
575 3401 756 3466 miserabile
773 3402 898 3486 vulgus.

97 3503 257 3589 Undique
273 3527 448 3572 convenere
464 3505 583 3571 animis
598 3505 779 3590 opibusque
795 3504 914 3591 parati,

97 3608 138 3673 In
153 3630 376 3695 quascumque
392 3611 490 3676 velim
505 3611 620 3696 pelago
636 3610 795 3675 deducere
811 3616 923 3676 terras.
1093 3611 1161 3677 800

94 3715 118 3780 ‚J
120 3737 240 3801 amque
252 3716 340 3804 jugis
356 3738 502 3782 summae
519 3717 672 3802 surgebat
688 3715 820 3782 Lucifer
835 3716 915 3784 Idae

96 3821 314 3907 Ducebatque
330 3822 418 3888 diem
432 3845 441 3906 ;
468 3822 641 3908 Danaique
657 3823 785 3888 obsessa
801 3824 958 3890 tenebant

93 3926 230 3992 Limina
245 3936 425 4013 portarurn,
441 3949 501 3994 nec
517 3949 589 4013 spes
605 3928 674 4014 opis
689 3929 758 3994 ulla
774 3929 933 3996 debatur:

92 4031 185 4098 (lessi
200 4039 235 4098 et
252 4032 381 4175 sublqto
396 4039 526 4099 montes
540 4032 685 4118 genitore
701 4033 835 4118 petivi.’'
