2898 4518
21 3925 29 3958 Ι
45 3955 48 3960 .

394 392 395 396 ,
492 331 665 405 snuninos
687 357 753 406 nna.
778 357 824 406 11.
1130 339 1190 446 ,81

124 517 304 604 Tempora,
321 517 395 604 quis
412 518 509 583 rebus
524 519 639 583 dexter
653 518 776 584 modus.
824 515 925 584 Ocius
941 535 1052 580 omnes
1208 583 1211 590 ,

126 623 273 708 Imperio
287 623 369 689 laeti
384 629 503 708 parent
520 645 557 687 ao
565 620 658 707 jussa
673 621 847 687 facessunt.
1126 621 1193 688 295

197 727 246 791 At
262 727 375 814 regina
390 727 571 812 dolos-quis
586 728 698 792 fallere
714 725 817 812 possit
832 734 998 790 amantem
1014 729 1047 792 Ρ-

128 831 326 916 Praesensit,
343 839 519 917 motusque
535 831 665 918 excepit
681 832 787 918 prima
801 831 940 912 futuros,

130 936 253 1002 Omnia
269 945 348 1002 tuta
362 938 505 1003 timens:
530 937 644 1003 eadem
660 936 762 1022 impia
777 935 884 1000 Fama
899 935 1024 1000 furenti

129 1041 275 1126 Detulit,
293 1041 412 1106 armari
427 1042 560 1107 classem
576 1062 773 1126 cursumque
788 1040 904 1126 parari.

130 1145 242 1210 Saevit
258 1145 352 1232 inops
368 1145 479 1229 animi,
496 1153 666 1231 totamque
682 1144 814 1211 incensa
829 1165 886 1230 per
901 1143 1015 1208 urbem
1125 1146 1191 1209 300

130 1249 328 1334 Bacchatur,
346 1250 453 1336 qualis
469 1253 638 1317 commotis
654 1252 763 1316 excita
780 1251 878 1337 sacris

129 1353 263 1438 Thyias,
279 1354 338 1419 ubi
353 1355 467 1420 audito
483 1355 654 1420 stimulant
670 1349 834 1420 trieterica
851 1354 980 1421 Baccho
1056 1365 1059 1372 '

129 1457 231 1544 Orgia
245 1465 489 1544 nocturnusque
505 1467 601 1524 vocat
613 1460 751 1524 clamore
768 1459 950 1526 Cithaeron.

129 1561 279 1627 Tandem
293 1561 344 1628 his
360 1561 496 1628 Aenean
512 1565 686 1648 compellat
702 1565 833 1631 vocibus
848 1565 953 1632 ultro:

128 1664 380 1732 “Dissimulare
396 1666 497 1732 etiam
513 1667 660 1752 sperasti,
679 1668 811 1753 perfide,
828 1675 961 1734 tantum
1122 1671 1188 1736 305

128 1767 263 1834 “Posse
279 1769 379 1854 nefas,
398 1771 585 1855 tacitusque
601 1792 674 1835 mea
689 1771 842 1836 decedere
859 1779 965 1855 terra;
1019 1803 1024 1814 ·

127 1871 149 1905 “
163 1873 233 1938 Nec
251 1882 285 1938 te
300 1881 410 1940 noster
424 1897 524 1959 amor,
542 1896 602 1940 nec
618 1882 651 1940 te
667 1875 747 1940 data
763 1877 897 1940 dextera
913 1876 1089 1960 quondam,

127 1977 148 2010 “
163 1979 235 2044 Nec
251 1979 407 2044 moritura
422 1987 514 2045 tenet
530 1979 653 2045 crudeli
668 1979 780 2044 funere
796 1979 910 2045 Dido?

126 2082 149 2118 “
161 2085 250 2166 Quin
266 2086 367 2150 etiam
382 2085 515 2151 hiberno
529 2085 651 2150 moliris
668 2085 768 2155 sidere
784 2085 933 2168 classem,

125 2187 207 2253 “Et
224 2189 340 2255 mediis
356 2211 506 2276 properas
522 2189 742 2275 Aquilonibus
758 2189 802 2253 ire
819 2209 876 2274 per
891 2189 1008 2272 altum,
1122 2191 1187 2254 310

126 2290 308 2359 “Crudelis
324 2295 357 2359 Ρ·
389 2294 487 2379 Quid,
504 2295 612 2360 sinon
627 2315 704 2360 arva
719 2293 825 2358 alisna
841 2294 1017 2378 domosque

128 2396 149 2429 “
161 2397 299 2483 Ignotas
314 2406 449 2483 peteres,
468 2407 501 2464 61
518 2398 615 2484 Troja
631 2399 769 2484 antiqua
784 2405 941 2481 maneret,

129 2500 150 2534 “
163 2501 262 2586 Troja
277 2523 335 2587 per
349 2503 511 2568 undosum
526 2509 695 2588 peteretur
709 2502 864 2568 classibus
879 2503 1029 2587 aequor?

126 2604 147 2637 “
160 2605 259 2670 Mene
274 2605 388 2691 fugis?
414 2606 478 2672 Per
493 2627 551 2692 ego
566 2605 626 2672 has
638 2606 786 2672 lacrimas
802 2605 1017 2690 dextramque
1029 2613 1124 2672 tuam
1136 2614 1186 2672 te·

126 2708 302 2790 “Quando
318 2710 408 2776 aliud
423 2711 505 2775 mihi
516 2710 586 2796 jam
601 2709 736 2776 miserae
752 2711 835 2776 nihil
849 2710 920 2796 ipsa
936 2710 1078 2796 reliqui,
1119 2713 1185 2778 315

123 2812 145 2848 “
157 2815 224 2880 Ρ61
239 2814 400 2880 connubia
415 2822 536 2899 nostra,
554 2835 613 2901 per
627 2815 774 2901 inceptos
790 2814 1009 2900 Hymenaeos,

123 2917 143 2950 “
159 2919 195 2984 Si
211 2919 293 2983 bens
309 2919 445 3003 quidde
461 2927 495 2983 te
511 2918 625 3001 merui,
641 2917 707 2983 fuit
723 2927 781 2983 aut
798 2918 859 2984 tibi
874 2919 1056 3004 quidquam
1128 2923 1135 2938 “

124 3021 270 3086 “Dulce
285 3043 407 3107 meum,
424 3023 571 3087 miserere
587 3023 702 3087 domus
717 3021 856 3088 labentis
873 3028 907 3116 qt
923 3022 1034 3106 istam,

124 3124 145 3158 “
158 3124 234 3209 Oro,
252 3125 367 3210 siquis
383 3126 489 3190 adhuc
506 3124 654 3211 precibus
668 3125 768 3209 locus,
786 3145 869 3190 exue
884 3133 1038 3190 mentem.

122 3228 146 3274 “
159 3229 208 3293 Te
225 3237 357 3315 propter
372 3229 512 3314 Libycae
528 3237 640 3316 gentes
656 3230 907 3314 Nomadumque
924 3227 1056 3313 tyranni
1116 3229 1184 3294 320

123 3334 144 3366 “
159 3334 276 3418 Odere,
294 3335 412 3400 infensi
428 3334 539 3418 Tyrii3
564 3343 599 3399 te
616 3343 748 3420 propter
763 3335 913 3398 eumdem

121 3436 146 3472 “
158 3439 357 3504 Exstinctus
373 3441 477 3524 pudor
493 3447 536 3523 et,
554 3459 620 3524 qua
635 3441 703 3504 sola
720 3438 824 3504 sidera
840 3437 981 3520 adibam,

121 3541 263 3607 “Fama
279 3545 373 3628 prior.
422 3543 486 3610 Oui
500 3565 553 3608 me
569 3544 797 3609 moribundam
813 3542 940 3627 deseris,
957 3542 1084 3630 hospes,

121 3645 227 3711 “Hoc
244 3647 350 3712 solum
366 3669 483 3712 nomen
498 3648 652 3732 quoniam
668 3647 708 3711 de
725 3646 860 3732 conjuge
876 3649 1004 3713 restat?

121 3750 142 3782 “
156 3750 243 3832 Quid
256 3771 363 3816 moror
376 3753 392 3817 Ρ
418 3772 470 3834 an,
482 3773 555 3816 mea
568 3750 762 3837 Pygmalion
773 3752 854 3815 dum
866 3752 994 3816 moenia
1005 3752 1106 3817 frater
1117 3753 1182 3819 325

120 3855 141 3890 “
154 3855 328 3939 Destruat,
345 3863 404 3920 aut
421 3865 553 3942 captam
569 3857 670 3922 ducat
687 3855 849 3922 Gaetulus
865 3857 1009 3922 Iarbas?

121 3960 282 4029 “Saltem
299 3960 327 4025 si
343 3982 409 4045 qua
424 3960 505 4025 mihi
520 3962 561 4025 de
577 3968 610 4026 te
627 3968 777 4046 suscepta
791 3962 907 4026 fuisset

310 4063 347 4120 4*
