2838 4522
268 288 313 354 60
626 303 796 350 snunraos
819 303 883 352 110.
909 305 957 353 111.

267 463 465 529 “Ledaeam
482 461 682 528 Hermionen
697 462 1035 550 Lacedaemoniosque
1050 465 1258 552 hymenaeos,

269 565 290 600 “
307 567 360 632 Me
375 557 500 633 famulo
514 566 739 652 famulamque
755 567 882 632 Heleno
898 569 1081 635 transmisit
1096 571 1292 638 habendam.

266 671 288 705 ‘⁶
300 673 365 738 Ast
382 672 489 756 illurn,
506 677 637 758 ereptae
654 693 773 758 magno
788 673 1015 739 inflammatus
1031 697 1138 740 amore
1263 679 1328 742 330

266 774 286 808 “
302 775 458 862 Oonjugis
473 783 507 840 et
524 777 679 841 scelerum
695 776 806 842 Furiis
821 777 977 862 agitatus,
994 777 1127 845 Orestes

265 879 433 966 “Excipit
448 880 631 965 incautum,
649 880 839 966 patriasque
856 882 1030 948 obtruncat
1045 883 1089 948 ad
1104 905 1185 951 aras.

267 984 288 1016 “
301 985 407 1050 Morte
423 983 632 1070 Neoptolemi
648 1007 822 1072 regnorum
837 986 965 1052 reddita
980 987 1077 1053 cessit

265 1089 286 1122 “
298 1090 379 1154 Pars
396 1088 534 1173 Heleno,
552 1089 609 1174 qui
622 1089 783 1156 Chaonios
799 1090 989 1176 cognomine
1005 1113 1147 1177 campos,

264 1193 542 1278 “Chaoniamque
558 1215 690 1258 omnem
708 1193 846 1280 Trojano
861 1217 882 1260 a
899 1195 1032 1262 Chaone
1048 1196 1144 1282 dixit,
1262 1201 1326 1266 335

265 1299 523 1385 “Pergamaque
539 1297 742 1396 Iliacamque
754 1299 843 1386 jugis
858 1300 943 1365 hanc
959 1301 1087 1366 addidit
1103 1323 1221 1370 arcem.

265 1404 362 1472 “Sed
376 1404 439 1469 tibi
455 1404 512 1489 qui
527 1425 659 1468 cursum
674 1405 777 1490 venti,
794 1426 878 1490 quae
893 1405 965 1470 fata
981 1405 1108 1491 dedere,

264 1509 370 1574 “Aut
386 1509 537 1593 quisnam
552 1509 704 1595 ignarum
719 1510 838 1576 nostris
854 1511 934 1576 deus
949 1511 1080 1597 appulit
1095 1511 1188 1578 011οΡ

262 1615 283 1648 “
300 1615 386 1697 Quid
401 1635 482 1700 puer
496 1614 687 1680 Ascanius?
736 1615 947 1700 superatne?
972 1623 1007 1680 01
1021 1617 1165 1682 vescitur
1179 1639 1272 1703 aura,

263 1719 388 1802 “Quae
407 1719 467 1784 tibi
478 1718 550 1804 jam
566 1719 664 1804 Troja
666 1769 714 1786 .....
720 1721 737 1785 Ρ
1260 1723 1324 1788 340

261 1823 410 1909 “Ecqua
427 1831 541 1889 tamen
557 1829 656 1910 puero
673 1832 722 1889 001
739 1824 879 1890 amissae
896 1845 974 1890 cura
989 1827 1165 1911 parentis?

261 1927 427 2015 “Ecquid
442 1928 477 1992 in
493 1929 666 2014 antiquam
681 1929 838 1996 virtutem
854 1929 1043 2016 animosque
1059 1931 1169 1997 viriles

260 2033 342 2098 “Et
360 2040 455 2118 pater
469 2033 599 2098 Aeneas
616 2042 649 2098 et
665 2034 848 2098 avunculus
864 2033 988 2098 excitat
1004 2033 1128 2100 Hector
1140 2037 1157 2102 Ρ
1169 2038 1188 2066 ’'

259 2137 356 2204 Talia
371 2138 531 2204 fundebat
546 2138 721 2204 lacrimans
736 2139 913 2225 longosque
930 2138 1038 2204 ciebat

257 2245 429 2309 Incassum
445 2243 555 2327 fietus,
572 2265 677 2328 quum
693 2264 760 2309 0000
776 2266 796 2308 0
811 2245 982 2310 moenibus
997 2243 1090 2310 heros
1257 2247 1321 2314 345

257 2347 439 2412 Priamides
454 2347 570 2412 multis
586 2346 733 2412 Helenus
748 2348 983 2413 comitantibus
999 2347 1107 2434 affert,

256 2448 483 2537 Agnoscitque
499 2473 584 2538 01100,
601 2453 772 2537 laetusque
788 2453 830 2518 ad
847 2453 962 2517 limina
978 2453 1080 2538 ducit,

257 2557 304 2621 Et
319 2557 466 2621 multum
480 2557 631 2623 lacrimas
647 2558 744 2622 verba
759 2557 846 2624 inter
861 2557 990 2644 singula
1005 2558 1125 2624 fundit.

259 2661 414 2747 Procedo,
432 2673 465 2727 et
480 2685 615 2748 parvam
632 2663 764 2748 Trojam
781 2664 1001 2750 simulataque
1018 2665 1147 2750 magnis

256 2766 419 2852 Pergama
436 2775 470 2832 01
486 2775 633 2832 0101110111
649 2767 781 2832 Xanthi
797 2769 986 2854 cognomine
1002 2771 1106 2835 rivum
1253 2772 1318 2838 350

255 2869 417 2956 Agnosco,
434 2871 616 2957 Scaeaeque
633 2873 813 2957 amplector
828 2873 942 2938 limina
958 2881 1080 2960 portae.

256 2974 326 3040 Nec
344 2997 408 3040 non
425 2983 458 3040 et
476 2976 593 3041 Teucri
609 2977 695 3042 00010
710 2977 808 3042 01111111
823 2979 903 3044 urbe
918 2979 1092 3047 fruuntur:

254 3081 333 3146 Illos
350 3081 528 3167 porticibus
545 3103 601 3146 rex
616 3082 797 3168 accipiebat
812 3085 847 3148 in
862 3085 981 3170 amplis
994 3105 1003 3167 ;

201 3249 208 3268 ,
253 3185 355 3251 Aulai
372 3186 479 3252 medio
494 3186 643 3252 libabant
659 3189 776 3274 pocula
793 3189 926 3273 Bacchi,

253 3292 419 3377 Impositis
436 3314 514 3358 auro
529 3293 680 3378 dapibuS,
698 3302 891 3380 paterasque
907 3297 1072 3363 tenebant.
1250 3301 1315 3365 355

319 3396 343 3460 J
345 3418 463 3483 amque
475 3397 544 3462 dies
560 3397 707 3482 alterque
723 3399 791 3464 dies
808 3401 974 3484 processit,
991 3408 1025 3465 ct
1041 3423 1139 3466 aurae

255 3499 337 3566 Vela
352 3510 482 3587 vocant,
500 3502 693 3588 tumidoque
709 3503 846 3568 inflatur
860 3506 1015 3570 carbasus
1030 3515 1162 3574 austro:

253 3603 316 3670 His
331 3613 442 3669 vatem
458 3607 625 3692 aggredior
640 3607 737 3672 dictis
752 3629 789 3672 ac
806 3609 888 3673 talia
904 3629 1044 3694 quaeso:

252 3707 274 3744 “
286 3709 479 3796 Trojugena,
496 3712 653 3798 interpres
669 3713 794 3798 divum,
813 3713 870 3798 qui
885 3715 1024 3779 numina
1040 3715 1177 3802 Phoebi,

251 3813 350 3897 “Qui
366 3816 522 3902 tripodas,
540 3817 641 3904 (ilarii
655 3819 777 3902 laurus,
795 3819 854 3904 qni
869 3819 974 3886 sidera
990 3821 1090 3887 sentis
1250 3824 1316 3889 360

251 3917 333 3985 “Et
349 3921 518 3986 volucrum
534 3921 663 4008 linguas
679 3929 713 3987 et
728 3925 892 4009 praepetis
907 3925 1017 3991 omina
1033 3948 1170 4012 pennae,
