2898 4518
269 298 333 364 144
626 315 798 364 nnuurnos
821 320 885 366 nra.
910 319 955 366 vr.

266 478 288 510 “
298 477 379 562 Nec,
398 478 455 564 qui
472 477 656 565 pampineis
671 477 775 544 victor
786 478 867 564 juga
882 479 986 543 flectit
1003 479 1146 564 habenis,

266 583 287 614 “
302 583 410 667 Liber,
427 603 527 669 agens
543 583 628 647 celso
645 582 754 667 Nysae
769 585 810 648 de
825 584 945 648 vertice
962 584 1067 668 tigres.
1261 585 1328 651 805

265 689 346 753 “Et
363 690 555 754 dubitamus
571 690 679 756 adhuc
694 691 853 755 virtutem
868 691 1038 756 extendere
1054 692 1159 774 factis,

265 796 286 827 “
301 796 373 860 Aut
390 803 500 861 metus
516 795 664 861 Ausonia
680 795 830 881 prohibet
845 797 1019 862 consistere
1034 801 1145 864 terra?

265 899 380 982 “Quis
397 902 511 987 procul
525 901 580 966 ille
596 908 710 966 autem
725 901 823 966 ramis
838 901 975 987 insignis
990 902 1100 985 olivae,

234 1069 242 1086 ,
264 1005 286 1037 “
302 1006 401 1072 Sacra
415 1007 550 1072 ferens?
597 1005 704 1071 Nosco
720 1006 824 1071 crines
839 1005 1020 1090 incanaque
1034 1014 1145 1070 menta

264 1110 284 1142 “
298 1110 400 1194 Regis
418 1111 570 1195 Romani,
589 1111 715 1196 primus
731 1110 788 1195 qui
802 1110 929 1196 legibus
944 1112 1056 1176 urbem
1261 1113 1326 1174 810

264 1215 286 1248 “
297 1215 478 1302 Fundabit,
498 1215 639 1283 Ouribus
654 1216 761 1302 parvis
778 1224 812 1281 et
827 1239 970 1302 paupere
987 1226 1072 1282 terra

264 1321 287 1354 “
299 1322 419 1388 Missus
435 1322 470 1387 in
485 1323 659 1408 imperium
675 1344 841 1408 magnum.
890 1322 953 1388 Oui
968 1323 1081 1388 deinde
1097 1322 1233 1407 subibit,

264 1425 377 1493 “Otia
393 1428 450 1512 qui
464 1435 595 1513 rumpet
610 1427 746 1514 patriae,
763 1427 944 1512 residesque
960 1427 1100 1492 movebit

263 1531 416 1599 “Tullus
431 1533 466 1598 in
481 1553 572 1598 arma
587 1533 671 1598 viros
687 1540 721 1598 et
733 1532 804 1618 jam
820 1533 954 1598 desueta
970 1533 1143 1618 triumphis

262 1636 453 1724 “Agmina
501 1638 606 1720 Quem
618 1637 717 1722 juxta
733 1639 880 1722 sequitur
890 1638 1070 1723 jactantior
1084 1638 1209 1722 Ancus,
1257 1640 1323 1705 815

265 1743 286 1776 “
299 1743 333 1808 N
334 1765 397 1809 unc
414 1765 541 1829 quoque
554 1744 625 1829 jam
640 1744 778 1808 nimium
794 1745 939 1830 gaudens
955 1735 1164 1832 popularibus
1180 1745 1275 1811 auris.
1343 1811 1357 1821 ,

263 1847 360 1914 “Vis
376 1857 409 1914 et
428 1849 624 1934 Tarquinios
640 1870 729 1934 reges
746 1849 954 1934 animamque
971 1849 1153 1935 superbam
1177 1909 1179 1913 a

262 1951 426 2019 “Ultoris
442 1954 541 2018 Bruti
556 1945 723 2038 fascesque
739 1953 846 2020 videre
863 1955 1033 2039 receptos?

262 2058 445 2125 “Consulis
460 2057 636 2144 imperium
651 2059 704 2124 hic
722 2059 845 2144 primus
862 2081 1036 2144 saevasque
1052 2080 1177 2126 secures

262 2163 284 2196 “
298 2163 460 2250 Accipiet,
477 2172 635 2254 natosque
651 2172 747 2248 pater
762 2185 846 2228 nova
861 2164 946 2228 bella
962 2171 1126 2229 moventes
1258 2164 1325 2231 820

262 2269 351 2334 “Ad
367 2290 506 2356 poenam
523 2267 659 2354 pulchra
674 2291 730 2354 pro
745 2268 898 2334 libertate
914 2268 1053 2353 vocabit,

261 2374 434 2448 “,Infelixl
484 2375 676 2458 Utcumque
692 2374 798 2440 ferent
814 2395 851 2438 ea
866 2374 956 2439 facta
972 2374 1118 2462 minores,

261 2479 282 2512 “
296 2479 418 2544 Vincet
434 2501 524 2543 amor
538 2478 664 2564 patriae
680 2479 880 2562 laudumque
897 2477 1057 2542 immensa
1072 2477 1199 2563 cupide.

261 2585 385 2666 “Quin
401 2584 519 2650 Decios
536 2584 724 2669 Drusosque
741 2583 852 2668 procul
869 2604 1067 2667 saevumque
1083 2581 1189 2647 securi

260 2690 437 2776 “Adspice
455 2690 662 2775 Torquatum
678 2698 712 2754 et
728 2689 919 2754 referentem
935 2687 1027 2774 signa
1044 2687 1232 2753 Camillum.
1258 2689 1324 2753 825

191 2837 195 2845 -
262 2797 282 2828 “
297 2797 379 2862 illae
396 2803 519 2881 autem,
537 2796 670 2882 paribus
685 2816 768 2880 quas
782 2795 905 2880 fulgere
920 2793 1024 2860 cernis
1039 2793 1074 2857 in
1089 2791 1198 2876 armis,

260 2902 475 2968 “Concordes
491 2903 618 2968 animae
634 2907 771 2965 nuncet
787 2901 868 2964 dum
883 2907 977 2965 nocte
994 2906 1188 2984 premuntur

260 3007 372 3073 “Heu
387 3017 549 3092 quantum
566 3008 652 3072 inter
667 3027 700 3072 se
715 3005 849 3088 bellum,
867 3006 893 3070 si
909 3006 1037 3070 lumina
1055 3005 1142 3068 vitae
1215 2997 1219 3002 ’

191 3121 195 3128 ’
259 3113 279 3146 “
292 3112 486 3200 Attigerint,
503 3121 644 3199 quantas
660 3113 745 3178 acies
761 3121 965 3198 stragemque
981 3111 1124 3192 ciebunt,

258 3217 279 3250 “
290 3219 580 3305 Aggeribussocer
596 3217 728 3305 Alpinis
743 3224 844 3302 atque
860 3237 932 3282 aree
949 3215 1097 3280 Monoeci
1259 3216 1325 3278 830

258 3323 279 3355 “
294 3324 512 3410 Descendens,
530 3346 633 3411 ganer-
642 3323 784 3390 adversis
798 3323 979 3387 instructus
995 3320 1072 3385 Eois
1088 3325 1095 3386 !

259 3428 280 3460 “
293 3429 355 3511 Ne,
374 3429 475 3515 pueri,
492 3451 533 3495 ne
550 3438 645 3496 tanta
660 3430 778 3495 animis
794 3427 976 3494 adsuescite
991 3426 1087 3508 bella,

257 3532 366 3598 “Neu
382 3535 508 3619 patriae
524 3537 649 3601 validas
665 3535 700 3600 in
714 3535 835 3600 viscera
850 3535 967 3598 vertite
982 3532 1065 3596 vires
1078 3551 1088 3613 3

258 3637 412 3722 “Tuque
428 3640 524 3724 prior,
541 3649 581 3704 tu
596 3661 702 3726 parce,
720 3661 821 3726 genus
837 3639 895 3724 qui
911 3638 1003 3704 ducis
1020 3637 1171 3720 Olymp0,

257 3731 415 3828 “'Projice
431 3745 497 3808 tela
513 3767 625 3830 manu,
643 3745 776 3832 sanguis
792 3751 901 3812 meus!
1260 3743 1322 3808 835

257 3847 354 3912 “Ille
371 3847 576 3932 triumphata
593 3848 757 3934 Capitolia
773 3849 899 3914 adalta
916 3847 1075 3914 Corintho

257 3949 407 4016 “Victor
422 3959 499 4036 aget
516 3971 657 4039 currum,
675 3953 775 4019 caesis
790 3953 925 4038 insignis
941 3951 1085 4018 Achivis.
