2898 4518
480 295 651 346 AENEIDOS
673 295 738 343 LIB.
762 293 823 340 vn.

122 433 267 526 indutus
284 455 396 542 capiti,
414 455 460 520 sic
476 456 564 541 regia
580 463 671 520 tecta
688 454 830 538 subibat,
944 513 946 518 .

121 563 293 646 Horridus,
312 561 536 646 Herculeoque
552 560 702 627 humeros
717 560 855 625 innexus
871 559 1003 625 amictu.

190 669 282 732 Tum
297 666 419 752 gemini
433 667 547 734 fratres
566 665 719 731 Tiburtia
734 665 861 730 moenia
875 665 1045 751 linquunt,
1120 659 1186 730 670

120 774 251 840 Fratris
268 772 402 838 Tiburti
416 773 540 838 dictam
556 771 745 858 cognomine
760 779 903 856 gentem,

123 879 333 964 Catillusque
348 899 483 963 acerque
502 876 610 962 Coras,
627 876 751 962 Argiva
761 876 930 961 juventus,

122 986 171 1050 Et
187 983 330 1069 primam
344 989 422 1048 ante
434 981 538 1046 aciem
553 983 653 1047 densa
668 981 754 1046 inter
769 982 836 1046 1611
846 981 1008 1064 feruntur,

125 1090 199 1156 Ceu
213 1089 280 1153 duo
294 1086 476 1172 nubigenae
492 1108 595 1171 quum
610 1087 730 1153 vertice
747 1087 868 1153 montis
884 1089 926 1152 ab
942 1087 1011 1152 alto

126 1193 342 1258 Descendunt
360 1190 528 1275 Centauri,
545 1191 709 1258 Homolen
727 1191 933 1277 Othrquue
949 1189 1091 1256 nivalem
1124 1184 1189 1255 675

126 1297 332 1382 Linquentes
348 1316 445 1360 cursu
460 1294 592 1380 rapido;
617 1296 676 1362 dat
691 1296 846 1360 euntibus
861 1295 975 1382 ingens

129 1401 220 1467 Silva
234 1400 354 1484 locum,
372 1407 405 1463 et
421 1419 540 1484 magno
555 1399 676 1464 cedunt
692 1399 835 1486 virgulta
849 1399 983 1486 fragore.

196 1504 267 1570 Nec
284 1502 516 1568 Praenestinae
530 1503 687 1568 fundator
701 1505 807 1570 defuit
822 1505 921 1589 urbis,

130 1611 281 1676 Vulcano
297 1609 446 1694 genitum
461 1630 575 1695 pecora
589 1609 676 1674 inter
690 1610 832 1695 agrestia
847 1631 956 1696 regem

131 1716 376 1799 Inventumque
391 1713 469 1779 focis
485 1714 591 1778 omnis
608 1735 707 1798 quem
722 1715 858 1780 credidit
873 1724 975 1799 aetas,
1127 1713 1192 1778 680

131 1818 304 1886 Caeculus.
351 1817 451 1882 Hunc
466 1817 550 1902 legio
565 1818 633 1882 1111
650 1818 825 1884 comitatur
841 1819 992 1906 agrestis,

133 1925 262 2009 Quique
278 1923 384 1988 altum
401 1922 576 1987 Praeneste
592 1923 663 2006 viri,
681 1922 801 2008 quique
817 1945 894 1988 1111
911 1922 1060 1988 Gabinae
1088 1956 1094 1968 ·

133 2031 157 2096 J
158 2030 276 2095 unonis
291 2029 500 2114 gelidumque
516 2027 680 2092 Anienem
695 2035 728 2093 et
745 2029 870 2094 roscida
885 2029 962 2094 rivis

134 2136 280 2202 Hernica
296 2155 375 2200 saxa
391 2134 503 2198 colunt
517 2155 526 2216 3
552 2155 631 2218 quos
647 2134 736 2200 dives
753 2133 908 2219 Anagnia
923 2133 1039 2221 pascit,

136 2243 235 2326 Quos,
253 2241 415 2306 Amasene
431 2248 534 2324 pater.
581 2239 659 2304 Non
673 2240 738 2306 illis
754 2239 905 2306 omnibus
921 2259 1024 2324 arma,
1132 2237 1196 2303 685

135 2347 207 2412 Nec
224 2345 321 2431 clipei
337 2365 488 2410 currusve
505 2352 643 2410 sonant:
668 2367 744 2430 pars
759 2345 1055 2431 maxima'glandes

135 2450 290 2518 Liuentis
304 2449 432 2536 plumbi
448 2449 591 2535 spargit,
616 2473 693 2535 pars
709 2451 834 2536 spicula
849 2458 959 2537 gestat

136 2557 225 2622 Bina
240 2576 363 2638 manu;
387 2554 558 2638 fulvosque
573 2555 646 2640 lupi
661 2556 701 2620 de
717 2555 802 2641 pelle
818 2557 943 2641 galeros

137 2661 286 2746 'segmen
300 2659 424 2724 habent
440 2659 562 2744 capiti;
587 2659 723 2746 vestigia
739 2661 829 2725 nuda
844 2660 966 2726 sinistri

137 2764 322 2831 Instituere
337 2763 439 2850 pedis,
457 2764 576 2829 crudus
592 2763 676 2850 tegit
692 2765 794 2830 altera
810 2786 893 2850 pero.
1134 2764 1200 2829 690

207 2868 257 2934 At
274 2867 453 2954 Messapus,
471 2874 592 2954 equum
610 2870 758 2955 domitor,
776 2869 947 2956 Neptunia
962 2871 1076 2956 proles,

139 2976 248 3057 Quem
263 2995 368 3060 neque
382 2974 432 3040 fas
447 2973 517 3060 igni
532 2974 687 3058 cuiquam
701 2997 760 3040 nec
778 2983 918 3040 sternere
933 2975 1028 3058 ferre,

139 3083 163 3147 J
166 3102 223 3146 am
237 3080 364 3165 pridem
380 3080 498 3146 resides
513 3081 650 3165 populos
665 3081 865 3167 desuetaque
880 3081 966 3148 bello

140 3187 289 3273 Agmina
302 3186 338 3250 in
354 3193 555 3251 1111111111
572 3185 690 3270 subite,
706 3185 892 3272 ferrumque
908 3193 1076 3252 retractat.

141 3294 192 3358 Hi
207 3290 428 3356 Fescenninas
443 3289 529 3356 acies
544 3290 741 3376 Aequosque
757 3292 912 3374 Faliscos,
1138 3291 1204 3356 695

143 3398 194 3463 Hi
211 3397 352 3464 Soractis
366 3396 490 3462 habent
506 3417 596 3462 arces
612 3396 828 3482 Flaviniaque
844 3417 923 3460 arva

142 3503 191 3569 Et
210 3500 332 3567 Oimini
348 3521 424 3564 cum
438 3507 550 3566 monte
565 3499 676 3565 lacum
689 3501 843 3584 lucosque
861 3497 1017 3585 Oapenos.
1050 3505 1053 3513 '

143 3607 246 3672 Ibant
262 3605 395 3690 aequati
410 3625 555 3688 numero,
573 3625 742 3690 regemque
759 3605 938 3672 canebant:

145 3711 216 3776 Ocu
232 3708 400 3794 quondam
414 3708 501 3772 nivei
515 3707 641 3792 liquida
656 3707 744 3772 inter
758 3708 872 3773 nubila
889 3710 992 3794 cycni,

146 3815 260 3896 Quum
277 3833 346 3878 sese
362 3833 379 3875 6
395 3820 493 3897 pastu
510 3811 653 3877 referunt
669 3820 702 3878 et
717 3813 815 3899 longa
830 3836 962 3881 canoros
1142 3813 1210 3881 700

147 3919 242 3985 Dant
259 3939 320 4004 per
336 3916 418 3982 colla
433 3918 568 3998 modos;
593 3925 685 3983 sonat
702 3920 806 3986 amnis
821 3929 855 3984 11
871 3921 952 3987 Asia
968 3921 1062 4006 longe
1161 3917 1163 3920 ’
