2838 4522
511 293 684 342 nnrsroos
707 296 772 346 err.
799 297 834 345 11.
1150 285 1194 350 35

128 445 152 481 “
165 449 237 516 Hos
252 431 331 539 eabe
345 450 491 517 fatorum
508 455 654 540 comites,
671 456 722 524 his
737 457 865 522 moenia
883 479 1010 543 quaere,
1185 529 1191 540 ,
1244 533 1246 540 ,

128 553 150 585 “
164 555 466 642 Magna'pererrato
482 559 609 624 statues
626 581 709 644 quae
726 561 864 646 denique
881 563 1012 646 ponto.''
1126 564 1192 628 295

129 661 184 726 Sic
202 662 261 760 ait,
279 671 313 727 et
328 663 482 729 manibus
498 665 599 732 vittas
615 667 819 752 Vestamque
835 675 1005 754 potentem

127 764 382 852 Aeternumque
398 769 508 854 adytis
524 769 617 838 effert
634 772 856 857 penetralibus
871 761 1082 858 ignemsff‘

200 868 337 935 Diverso
352 869 477 938 interea
493 873 672 940 miscentur
688 875 817 941 moenia
832 877 938 960 luctu,
967 859 976 870 '

126 974 177 1038 Et
193 975 301 1060 magis
317 983 419 1061 atque
434 979 548 1063 magis,
565 1000 769 1064 quamquam
785 990 907 1046 secreta
923 981 1070 1067 parentis

125 1078 297 1146 Anchisae
313 1081 429 1146 domus
445 1081 674 1169 arboribusque
690 1085 821 1150 obtecta
837 1085 977 1169 recessit,
1126 1086 1191 1149 300

118 1183 324 1270 'Olarescunt
340 1185 476 1271 sonitus,
493 1172 720 1273 armorumque
736 1181 996 1276 ingruit'horror.

125 1289 290 1354 Excutior
305 1311 427 1376 somn0,
445 1299 478 1357 et
494 1293 615 1358 summi
629 1294 761 1380 fastigia
776 1294 872 1388 tecti·

125 1391 302 1492 Adscensu
318 1415 443 1480 supero,
460 1404 561 1481 atque
577 1398 710 1463 arrectis
725 1398 858 1463 auribus
874 1398 987 1464 adsto:

126 1499 170 1563 In
188 1507 330 1584 segetem
346 1499 453 1594 veluti
468 1523 572 1586 quum
587 1503 722 1568 flamma
736 1503 921 1568 furentibus
937 1501 1073 1568 Austris

125 1604 264 1688 Incidit,
281 1611 341 1670 aut
357 1603 489 1692 rapidus
504 1616 660 1672 montano
670 1597 812 1673 ¹flumine
828 1616 951 1674 torrens
1124 1609 1190 1674 305

126 1709 256 1776 Sternit
271 1731 377 1795 agros,
396 1712 515 1776 sternit
531 1721 603 1777 sata
618 1713 709 1777 laeta
723 1714 889 1798 boumque
904 1713 1040 1796 labores,

126 1814 395 1901 Praecipitesque
410 1817 515 1891 trahit
532 1817 650 1900 silvas3
676 1827 790 1905 stupet
805 1818 930 1884 inscius
946 1819 1016 1883 alto

125 1919 306 2005 Accipiens
323 1921 468 1986 sonitum
483 1922 555 1987 saxi
570 1923 610 1988 de
626 1923 748 1987 vertice
764 1931 882 2008 pastor.

127 2024 220 2088 Tum
235 2046 310 2090 vero
325 2027 500 2093 manifesta
515 2027 606 2110 fides,
625 2028 843 2111 Danaumque
859 2035 1033 2112 patescunt

129 2129 292 2197 Insidiae:
313 2129 383 2216 jam
399 2131 562 2218 Deiphobi
578 2132 670 2198 dedit
685 2133 796 2218 ampla
812 2131 941 2196 ruinam
1122 2132 1189 2195 310

127 2234 282 2300 Vulcano
298 2242 471 2320 superante
487 2237 612 2322 domus,
626 2237 697 2322 jam
714 2236 882 2322 proximus
898 2235 990 2300 ardet

127 2340 308 2426 Ucalegon,
327 2340 421 2426 Sigea
436 2341 506 2428 igni
520 2342 605 2408 freta
615 2333 689 2408 lata
705 2343 851 2408 relucent
865 2361 875 2424 ;

125 2443 286 2508 Exoritur
301 2443 483 2530 clamorque
498 2445 605 2511 virum
622 2447 816 2532 clangorque
831 2445 997 2512 tubarum.

125 2529 232 2614 Anba
247 2570 358 2614 amens
371 2551 483 2636 oapio;
507 2572 567 2616 nec
584 2557 635 2616 sat
652 2544 786 2616 rationis
802 2551 837 2615 in
852 2549 963 2636 armis,

126 2655 193 2722 Sed
209 2655 385 2740 glomerare
400 2677 537 2720 manum
552 2656 637 2722 bello
653 2663 687 2720 et
704 2677 890 2722 concurrere
905 2656 941 2720 in
956 2677 1064 2722 arcem
1122 2655 1189 2721 315

125 2759 214 2826 (lum
229 2761 322 2826 sociis
337 2762 454 2826 ardent
469 2761 590 2828 animi:
615 2762 706 2827 furor
721 2762 834 2847 iraque
848 2767 995 2827 mentem

124 2865 364 2950 Praecipitant,
383 2866 622 2951 pulchrumque
637 2867 719 2932 mori
735 2868 896 2933 succurrit
911 2867 946 2932 in
961 2865 1070 2933 armis.

123 2968 214 3035 Ecce
229 2976 343 3034 autem
358 2970 433 3035 telis
449 2971 602 3036 Panthus
615 2971 744 3058 elapsus
760 2972 937 3055 Achivdm,

123 3074 279 3140 Panthus
296 3074 490 3160 Othryades,
508 3075 590 3142 arcis
607 3077 796 3162 Phoebique
812 3078 968 3160 sacerdos,

125 3177 227 3249 Sacra
242 3202 343 3246 manu
358 3181 525 3268 victosque
541 3182 617 3248 deos
633 3203 835 3269 parvumque
852 3187 1006 3268 nepotem
1119 3181 1185 3244 320

123 3287 204 3373 Ipse
220 3286 333 3371 trahit,
349 3307 512 3372 cursuque
528 3309 640 3354 amens
655 3289 698 3353 ad
714 3288 829 3353 limina
844 3285 962 3352 tendit.

124 3393 231 3474 “Quo
244 3413 292 3456 res
305 3393 524 3478 summaloeo,
538 3391 700 3460 Panthu?
718 3415 818 3478 quam
830 3391 1019 3478 prendimus
1031 3412 1138 3457 arcem
1148 3391 1187 3458 ?''

123 3495 195 3561 Vix
209 3517 248 3560 ea
263 3495 354 3562 fatus
370 3519 469 3583 eram,
486 3497 613 3584 gemitu
629 3520 732 3584 quum
750 3497 830 3562 talia
846 3496 973 3564 reddit:

124 3601 145 3634 “
159 3601 264 3666 Venit
277 3623 406 3667 summa
421 3603 489 3669 dies
505 3611 539 3669 et
554 3603 764 3669 ineluctabile
780 3611 912 3687 tempus

124 3705 145 3738 “
158 3705 357 3773 Dardaniae.
403 3707 544 3772 Fuimus
561 3708 671 3792 Troes,
687 3707 753 3772 fuit
769 3707 871 3772 Ilium
886 3715 921 3772 et
936 3707 1051 3793 ingens
1120 3705 1187 3772 325

124 3810 146 3844 “
159 3810 512 3890 GlorialTeucrorum:
537 3814 625 3879 ferus
641 3813 750 3879 omnia
765 3814 900 3900 Jupiter
915 3811 1022 3894 Argos
1136 3821 1140 3828 “

123 3915 146 3950 “
160 3915 360 3999 Transtulit,
378 3916 508 3984 incensa
525 3919 634 3984 Danai
649 3919 862 3985 dominantur
876 3917 912 3982 in
927 3912 1049 4043 urbeljl!

999 4076 1023 4160 ἰ
