2898 4518
496 291 669 338 unsaroos
691 291 757 340 nra.
783 291 829 338 vr.
1134 272 1198 338 143
1267 263 1271 272 ’

134 451 154 485 “
166 452 339 538 Egregius,
357 451 384 518 si
400 473 561 536 umquam
575 452 773 537 regnandam
788 449 949 535 acceperit
965 449 1097 515 Albam.
1133 448 1199 518 770

134 558 154 590 “
167 558 236 638 Qui
248 558 404 642 juvenes!
453 557 603 638 Quantas
618 564 800 642 ostentant,
818 557 962 643 adspice,
980 557 1084 624 vires!

134 661 287 746 “Atque
303 662 456 726 umbrata
472 669 591 746 gerunt
607 661 696 726 civili
711 669 858 746 tempora
875 683 1005 747 quercu.

135 766 221 831 “Hi
236 766 299 831 tibi
313 766 517 832 Nomentum
533 776 566 832 et
583 766 705 832 Gabios
721 767 899 850 urbemque
914 767 1074 834 Fidenam
1078 801 1104 854 ,-

134 871 155 904 “
169 871 221 936 Hi
237 871 416 939 Collatinas
432 871 601 956 imponent
617 873 784 937 montibus
799 894 898 957 arces,

134 977 341 1042 “Pometios
358 975 575 1061 Castrumque
590 976 668 1042 Inui
685 977 867 1061 Bolamque
885 977 1087 1063 Coramque:
1135 975 1200 1046 775
1219 1039 1226 1056 ,

134 1083 155 1115 “
168 1081 266 1146 Haeo
282 1088 357 1146 tum
372 1081 506 1146 nomina
521 1089 626 1165 erunt,
644 1103 730 1166 nunc
747 1089 826 1146 sunt
842 1083 911 1148 sine
926 1083 1057 1148 nomine
1072 1090 1185 1149 terrac.

135 1187 263 1268 “Quin
278 1193 313 1250 et
329 1207 389 1250 avo
405 1185 558 1250 comitem
575 1207 643 1252 sese
660 1185 842 1252 Mavortius
857 1187 957 1252 addet

136 1292 158 1324 “
172 1291 348 1374 Romulus,
364 1290 521 1357 Assaraci
536 1313 635 1376 quem
651 1291 821 1378 sanguinis
837 1291 901 1356 llia
916 1299 1026 1358 mater

136 1397 157 1429 “
172 1397 315 1462 Educet.
363 1396 494 1481 Viden',
511 1403 550 1461 ut
565 1396 714 1482 geminae
730 1405 820 1462 stant
836 1398 955 1463 vertice
972 1399 1097 1483 cristae,

137 1503 222 1567 “Et
237 1511 334 1588 pater
348 1502 416 1587 ipse
433 1497 490 1568 suo
507 1509 662 1588 superum
673 1503 744 1587 jam
760 1503 868 1589 signat
882 1505 1028 1571 honora?
1135 1500 1202 1571 780

137 1607 158 1639 “
169 1608 238 1691 En,
256 1607 365 1692 hujus,
383 1616 472 1692 nate,
490 1607 643 1693 auspiciis
658 1608 716 1672 illa
730 1608 856 1694 inclyta
872 1609 978 1674 Roma

137 1713 160 1746 “
174 1711 359 1798 Imperium
374 1712 477 1796 terris,
495 1712 618 1778 animos
633 1713 788 1798 aequabit
805 1713 956 1800 Olymp0,

138 1817 159 1852 “
177 1819 377 1904 Septemque
392 1841 459 1884 una
475 1820 536 1884 sibi
551 1841 644 1884 muro
660 1819 875 1886 circumdabit
891 1843 991 1902 arces,

138 1923 274 1988 “Felix
289 1924 377 2008 prole
394 1923 519 1991 virum:
545 1925 651 2009 qualis
669 1925 864 2010 Berecyntia
878 1933 986 1990 mater

138 2027 349 2094 “Invehitur
363 2050 460 2094 curru
475 2029 636 2115 Phrygias
652 2031 772 2096 turrita
788 2051 845 2115 per
859 2031 965 2114 urbes,
1139 2026 1205 2096 785

139 2134 281 2198 “Laeta
296 2135 396 2199 deum
411 2143 520 2220 partu,
538 2143 673 2200 centum
688 2136 858 2220 complexa
873 2141 1018 2220 nepotes,

140 2239 163 2272 “
180 2237 305 2304 Omnes
320 2239 497 2324 coelicolas,
515 2261 626 2305 omnes
643 2261 759 2326 supera
774 2239 844 2304 alta
860 2245 1019 2306 tenentes.

141 2343 255 2408 “Huc
272 2343 417 2429 geminas
433 2365 520 2410 nunc
536 2344 631 2410 flecte
647 2345 742 2428 acies,
759 2345 844 2410 hanc
860 2343 992 2430 adspice
1007 2349 1140 2430 gentem

142 2450 165 2482 “
181 2443 411 2535 Romanosque
427 2457 511 2516 tuos.
559 2449 623 2516 Hic
641 2450 761 2517 ansar
776 2458 810 2516 et
826 2449 931 2516 omnis
947 2445 1015 2516 Iuli

142 2555 166 2588 “
180 2555 366 2641 Progenies,
384 2574 543 2641 magnum
560 2555 640 2620 coeli
656 2562 795 2620 ventura
809 2548 870 2620 sub
887 2577 989 2622 axem.
1140 2553 1207 2624 700

144 2658 246 2724 “Hic
263 2659 323 2744 vir,
339 2659 392 2724 hic
409 2667 469 2744 est,
486 2659 549 2726 tibi
564 2680 662 2744 quem
678 2659 828 2745 promitti
844 2660 973 2746 saepius
988 2661 1093 2744 audis,

145 2763 170 2796 “
183 2764 358 2850 Augustus
376 2763 505 2849 Caesar,
523 2764 602 2829 Divi
617 2786 742 2852 genus:
768 2785 866 2830 aurea
882 2766 1000 2831 condet

146 2869 169 2903 “
184 2870 323 2938 Saecula
339 2871 397 2955 qui
412 2892 525 2936 rursus
540 2869 647 2952 Latio,
664 2879 800 2956 regnata
815 2892 873 2956 per
887 2893 964 2937 arva

146 2977 329 3044 “Saturno
345 2977 519 3061 quondam,
538 2983 683 3060 superet
699 2974 918 3042 Garamantas
934 2983 968 3041 et
983 2976 1083 3042 Indos

147 3082 170 3115 “
183 3081 332 3146 Proferet
348 3081 545 3166 imperium;
565 3080 655 3165 jacet
671 3087 764 3146 extra
779 3081 882 3146 sidera
898 3081 1007 3164 tellus,
1141 3075 1209 3146 795
1232 3127 1235 3132 -
1273 3089 1276 3098 ¹

147 3188 290 3254 “Extra
305 3186 383 3251 anni
400 3185 546 3270 Solisque
561 3185 640 3270 vias,
657 3185 716 3250 ubi
731 3187 859 3252 coelifer
873 3185 973 3251 Atlas

147 3295 170 3329 “
183 3293 296 3358 Axem
309 3292 445 3356 humero
460 3299 590 3376 torquet
606 3291 708 3356 stellis
723 3291 912 3356 ardentibus
927 3297 1054 3375 aptum.

148 3400 170 3433 “
185 3398 297 3483 Hujus
311 3399 348 3462 in
363 3397 541 3462 adventum
553 3396 624 3482 jam
639 3418 727 3462 nunc
744 3403 777 3461 61
796 3395 917 3481 Oaspia
932 3416 1032 3482 regna
1091 3449 1093 3453 .

148 3505 170 3537 “
184 3503 363 3590 Responsis
377 3503 509 3568 horrent
525 3502 639 3568 divrlm
654 3509 688 3566 et
706 3500 849 3565 Maeotia
864 3501 972 3586 tellus,

149 3609 233 3673 “Et
250 3607 498 3694 septemgemini
515 3607 650 3672 turbant
665 3606 794 3690 trepida
809 3605 892 3671 ostia
908 3605 986 3673 Nili.
1146 3607 1212 3671 800

150 3715 171 3747 “
185 3713 258 3779 Nec
273 3735 348 3777 vero
366 3713 497 3777 Alcides
513 3719 647 3776 tantum
663 3710 790 3776 telluris
806 3711 919 3796 obivit,
1021 3705 1025 3713 ’

150 3819 172 3852 “
186 3817 318 3884 Fixerit
333 3817 518 3901 aeripedem
534 3836 661 3881 cervam
675 3815 764 3900 licet,
782 3823 842 3880 aut
857 3815 1057 3900 Erymanthi

150 3925 172 3958 “
185 3923 320 3990 Pacarit
335 3943 467 3987 nemora
482 3928 516 3986 et
532 3920 673 3984 Lernam
689 3919 905 3986 tremefecerit
921 3941 1019 4000 arou3
