2898 4518
262 297 326 364 168
618 313 878 363 scrumosum.
904 315 963 361 vrr.

260 474 363 556 Pulsa
379 474 483 560 palus.

180 607 188 638 r
259 577 328 644 Nec
346 580 520 665 quisquam
535 587 663 646 aeratas
678 580 763 646 acies
779 602 820 645 ex
836 579 966 665 agmine
982 587 1076 645 tanto

259 684 388 749 Misceri
404 692 510 770 putet,
528 684 653 750 adriam
668 685 724 750 sed
739 686 868 772 gurgite
883 685 925 750 ab
941 686 1008 750 olto

261 789 380 877 Urgeri
395 792 564 857 volucrum
580 814 752 858 raucarum
767 794 809 858 ad
824 793 920 858 litora
935 793 1064 858 nubem.
1255 790 1322 860 Ι705

325 895 411 960 Fece
429 896 622 962 Sabinorum
637 897 742 982 prisco
756 898 797 962 de
813 895 969 982 sanguine
985 915 1142 980 magnum

261 999 391 1086 Agmen
405 1024 505 1089 agens
522 1002 671 1086 Clausus,
689 1001 865 1088 magnique
881 1002 950 1086 ipse
966 1002 1108 1087 agminis
1123 1002 1236 1085 instar,

260 1104 402 1172 Claudia
417 1129 504 1173 nunc
520 1130 540 1172 a
555 1129 619 1192 quo
634 1106 832 1172 diffunditur
846 1114 880 1170 et
896 1106 1000 1171 tribus
1017 1114 1050 1170 et
1066 1129 1144 1192 gens

260 1209 325 1274 Per
339 1210 484 1296 Latium,
502 1219 679 1297 postquam
694 1211 729 1276 in
745 1219 874 1296 partem
889 1211 967 1274 data
984 1209 1088 1275 Roma
1107 1211 1243 1278 Sabinis,

260 1313 339 1379 Une
353 1315 467 1402 ingens
482 1315 655 1382 Amiterna
671 1315 782 1380 cohors
798 1315 959 1400 priscique
977 1314 1129 1400 Quirites,
1251 1315 1320 1383 710

259 1421 355 1486 Ereti
370 1443 487 1487 manns
502 1421 606 1487 omnis
622 1421 850 1506 oliviferaeque
866 1421 1049 1504 Mutuscae,

260 1526 325 1607 Qui
340 1526 544 1592 Nomentum
559 1527 682 1611 urbem,
698 1526 756 1610 qui
778 1547 871 1592 rosea
893 1548 968 1590 rura
983 1525 1104 1609 Velini,

260 1630 324 1710 Qui
340 1631 487 1697 Tetricae
503 1631 668 1696 horrentes
684 1651 780 1717 rupes
795 1639 1005 1715 montemque
1023 1632 1175 1698 Severum

259 1735 513 1821 Casperiamque
530 1737 643 1802 colunt
659 1737 858 1820 Forulosque
874 1744 908 1800 et
922 1736 1046 1800 flumen
1063 1735 1237 1820 Himellae,

259 1841 325 1922 Qui
341 1842 500 1926 Thybrim
517 1841 737 1926 Fabarimque
753 1841 881 1924 bibunt,
899 1861 978 1925 quos
993 1841 1110 1926 frigida
1125 1842 1217 1907 misit
1253 1839 1320 1910 715

260 1947 392 2031 Nursia,
410 1955 442 2012 et
460 1947 620 2012 Hortinae
636 1948 752 2012 classes
768 1947 946 2033 populique
962 1947 1084 2030 Latini,

259 2053 412 2136 Quosque
430 2073 541 2117 secans
556 2052 740 2117 infaustum
756 2051 905 2116 interluit
921 2051 1012 2116 Allia
1027 2073 1164 2118 nomen:

258 2157 365 2237 Quam
381 2157 480 2221 multi
495 2156 617 2242 Libyco
632 2157 810 2222 volvuntur
824 2179 982 2222 marmore
998 2156 1128 2240 fluctus,

259 2263 381 2328 Saevus
397 2261 453 2326 ubi
473 2261 573 2328 Orion
587 2261 730 2327 hibernis
746 2262 896 2328 conditur
910 2261 1017 2345 undis,

257 2365 321 2430 Vel
337 2387 440 2450 quum
456 2367 520 2431 sole
537 2388 617 2430 novo
633 2367 752 2431 densae
768 2373 930 2430 torrentur
945 2365 1063 2432 aristae
1253 2364 1320 2434 720

257 2471 329 2535 Aut
347 2471 463 2536 Hermi
478 2493 594 2556 campo
610 2479 669 2534 aut
684 2469 803 2554 Lyciae
818 2470 1013 2534 flaventibus
1029 2471 1120 2537 arvis.

259 2575 361 2641 Scuta
378 2583 504 2660 sonant,
521 2576 683 2661 pulsuque
699 2576 822 2659 pedum
838 2575 1011 2639 conterrita
1028 2575 1136 2642 tellus.

323 2680 410 2746 Hinc
427 2679 717 2766 Agamemnonius,
737 2679 868 2764 Trojani
882 2679 1021 2744 nominis
1037 2681 1150 2765 hostis,

257 2783 361 2850 (lurru
373 2784 485 2870 jungit
501 2783 663 2849 Halaesus
680 2804 788 2868 equos,
806 2783 980 2868 Turnoque
995 2784 1115 2850 feroces

257 2889 348 2954 Mille
365 2889 452 2975 rapit
467 2889 616 2974 populos,
633 2896 768 2954 vertunt
784 2887 891 2953 felicia
909 2888 1037 2954 Baccho
1252 2889 1318 2958 725

256 2993 397 3059 Massica
413 2994 472 3078 qui
487 2993 608 3077 rastris,
626 3000 660 3058 et
677 3014 757 3077 quos
773 2994 814 3057 de
830 2993 966 3058 collibus
981 2995 1055 3060 altis
1132 3065 1137 3074 ,

256 3099 404 3164 Aurunci
419 3099 535 3164 misere
548 3105 656 3183 patres
674 3097 882 3182 Sidicinaque
894 3099 994 3183 juxta

256 3204 421 3288 Aequora,
438 3203 559 3287 quique
576 3200 670 3268 (iales
684 3202 851 3286 linquunt,
869 3203 1040 3288 amnisque
1055 3204 1167 3268 vadosi

256 3307 379 3373 Accola
394 3307 565 3392 Vulturni,
582 3305 768 3392 pariterque
786 3306 951 3372 Saticulus
968 3329 1063 3392 asper

258 3411 481 3496 Oscorumque
497 3433 622 3478 manus.
671 3411 803 3476 Teretes
819 3419 897 3477 sunt
913 3413 1043 3496 aclydes
1058 3413 1123 3477 illis
1252 3411 1318 3480 730

256 3517 337 3582 Tela
351 3539 360 3599 ;
385 3518 441 3582 sed
449 3517 534 3588 ,haee
550 3517 639 3582 lento
654 3537 724 3582 mos
739 3523 788 3581 est
806 3525 919 3601 aptare
934 3517 1072 3602 flagello.

256 3620 378 3688 Laevos
395 3630 503 3687 caetra
518 3623 601 3708 tegit
614 3643 622 3704 ;
646 3621 761 3687 falcati
777 3623 959 3688 comminus
975 3645 1075 3689 enses.

322 3727 392 3794 Nec
409 3735 448 3791 tu
464 3728 661 3792 carminibus
676 3728 795 3793 nostris
809 3727 953 3792 indictus
969 3727 1082 3812 abibis,

258 3830 391 3915 Oebale,
409 3851 508 3915 quem
523 3853 690 3916 generasse
708 3832 813 3897 Telon
831 3831 1006 3898 Sebethide
1021 3832 1168 3917 nympha

255 3936 384 4020 Fertur,
403 3936 581 4001 Teleboum
599 3937 739 4023 Capreas
754 3959 857 4023 quum
873 3960 972 4024 regna
988 3945 1123 4022 teneret,
1251 3937 1318 4007 735
