2898 4518
250 287 314 352 128
605 305 773 351 aaunrnos
797 306 862 352 nra.
887 304 933 352 vr.

249 463 399 548 “Tuque
414 463 531 528 invade
548 463 645 547 viam,
663 463 842 549 vaginaque
858 463 944 549 eripe
959 463 1098 529 sermm:
1241 461 1308 525 260

250 567 271 600 “
284 567 382 634 Nunc
399 567 515 632 animis
530 589 622 652 opus,
640 568 763 653 Aenea,
780 589 867 633 nunc
882 575 1011 653 pectore
1027 569 1149 632 firmo.'’

249 672 397 737 Tantum
413 670 521 755 effata,
538 671 649 736 furens
665 680 759 736 antro
776 693 809 736 se
826 671 962 736 immisit
978 680 1110 757 aparto;

249 776 309 840 Ille
325 776 443 840 ducem
459 775 547 839 haud
565 775 688 840 timidis
704 777 877 840 vadentem
893 776 1040 861 passibus
1056 783 1186 860 aequat.

309 879 1305 965 Di,quibusimperiumostanimarum,Umbraequesilentes,

247 983 295 1046 Et
313 982 418 1049 Chaos
434 991 467 1047 et
484 983 699 1068 Phlegethon,
716 983 787 1050 loca
802 991 897 1049 nocte
913 985 1057 1050 tacentia
1072 982 1149 1068 late,
1243 985 1307 1050 265

250 1087 303 1151 Sit
320 1087 401 1151 mihi
415 1086 464 1152 sas
479 1087 593 1152 audita
607 1087 698 1172 loqui
711 1109 720 1170 3
746 1089 788 1154 sit
806 1089 939 1153 numine
954 1097 1059 1154 vestro

248 1191 396 1258 Pandere
413 1214 461 1258 res
477 1193 545 1258 alta
560 1199 649 1258 terra
664 1200 699 1258 et
715 1193 853 1279 caligine
870 1215 1000 1262 mersas.

249 1297 351 1362 Ibant
367 1298 493 1363 obscuri
509 1297 576 1364 sola
592 1298 653 1364 sub
669 1306 766 1364 nocte
779 1321 838 1384 per
852 1299 1015 1382 umbram,

250 1403 378 1487 Perque
393 1403 503 1468 domos
520 1401 609 1468 Ditis
624 1424 744 1468 vacuas
759 1411 792 1467 et
808 1403 919 1468 inania
936 1425 1051 1488 regua:

250 1507 353 1587 Quale
368 1528 425 1593 per
439 1507 597 1572 incertam
613 1507 727 1572 lunam
742 1509 802 1572 sub
819 1509 892 1573 luce
908 1509 1051 1595 maligna
1243 1505 1307 1574 270

249 1612 312 1678 Est
327 1612 390 1676 iter
404 1612 439 1676 in
456 1613 553 1696 silvis,
571 1613 628 1678 ubi
644 1613 770 1678 coelum
786 1613 931 1678 condidit
946 1615 1063 1679 umbra
1172 1669 1175 1674 .

250 1716 393 1802 Jupiter,
410 1725 444 1781 et
460 1717 555 1782 rebus
571 1739 636 1782 nox
651 1718 788 1782 abstulit
805 1726 879 1782 atra
895 1719 1040 1785 colorem.

251 1821 461 1886 Vestibulum
477 1830 553 1886 ante
570 1822 680 1907 ipsum
695 1822 873 1907 primisque
889 1823 924 1888 in
937 1821 1087 1887 faucibus
1104 1822 1182 1890 Oroi

250 1927 377 1992 Luctus
393 1933 426 1990 et
442 1926 575 1992 ultrices
590 1948 725 2012 posuere
742 1928 861 1992 cubilia
878 1926 995 2012 Curae,

251 2031 482 2116 Pallentesque
498 2031 650 2096 habitant
667 2030 773 2096 Morbi
788 2031 956 2116 tristisque
973 2032 1138 2114 Senectus,
1244 2029 1309 2098 275

251 2137 297 2200 Et
314 2136 425 2202 Metus
441 2144 474 2200 et
490 2137 679 2202 malesuada
694 2136 812 2202 Fames
828 2159 865 2202 ac
881 2137 986 2222 turpis
1002 2138 1151 2223 Egestas,

251 2241 422 2306 Terribiles
438 2241 511 2306 visu
525 2241 657 2324 formae,
676 2241 860 2326 Letumque
877 2241 1069 2326 Labosque;

251 2329 340 2410 Tum
356 2346 615 2432 consanguineus
630 2345 707 2410 Leti
723 2347 834 2431 Sopor,
851 2355 884 2412 et
901 2348 988 2412 mala
1002 2347 1122 2412 mentis

251 2451 394 2535 Gaudia,
412 2451 681 2535 mortiferumque
697 2451 828 2516 adverso
844 2451 879 2516 in
894 2452 1006 2516 limine
1023 2453 1165 2536 Bellum,

251 2555 425 2640 Ferreique
442 2555 664 2620 Eumenidum
680 2555 827 2640 thalami,
841 2563 875 2620 et
892 2556 1060 2622 Discordia
1076 2558 1219 2640 demens,
1244 2558 1311 2620 280

251 2659 431 2747 Vipereum
448 2661 571 2726 crinem
589 2661 681 2726 vittis
697 2661 817 2724 innexa
833 2662 984 2728 cruentis.

252 2766 294 2830 In
307 2765 415 2831 medio
431 2787 537 2831 ramos
552 2766 737 2850 annosaque
753 2765 887 2831 brachia
902 2768 1018 2851 pandit
1089 2802 1093 2805 ·

252 2872 375 2938 Ulmus
391 2893 502 2956 opaca,
519 2871 644 2957 ingens,
662 2893 763 2956 quam
779 2872 890 2937 sedem
906 2871 1039 2939 Somnia
1056 2873 1154 2958 vulgo

253 2977 349 3041 Vana
364 2984 473 3042 tenere
489 2977 610 3062 ferunt,
627 2977 775 3063 foliisque
792 2978 852 3044 sub
868 2977 1017 3042 omnibus
1032 2977 1176 3043 haerent.

253 3081 427 3167 Multaque
443 3090 610 3167 praeterea
626 3083 788 3148 variarum
803 3091 948 3148 monstra
963 3083 1117 3167 ferarum,
1246 3083 1313 3148 285

253 3185 422 3271 Centauri,
440 3186 475 3251 in
490 3187 611 3252 foribus
628 3188 806 3272 stabulant,
826 3187 1017 3272 Scyllaeque
1033 3186 1200 3270 biformes,

252 3291 299 3356 Et
315 3293 600 3376 centumgeminus
617 3292 779 3376 Briareus,
796 3314 834 3357 ac
849 3293 958 3358 bellua
974 3291 1097 3356 Lernae

253 3396 462 3462 Horrendum
478 3397 626 3482 stridens,
642 3397 848 3482 flammisque
863 3405 991 3462 armata
1009 3397 1191 3480 Chimaera,

254 3503 420 3587 Gorgones
437 3502 667 3588 Harpyiaeque
683 3510 717 3568 et
733 3503 837 3568 forma
854 3502 1038 3586 tricorporis
1054 3502 1201 3566 umbrae.

255 3608 395 3693 Corripit
410 3607 463 3672 hic
481 3608 589 3672 subita
605 3608 750 3694 trepidus
765 3607 935 3673 formidine
951 3607 1072 3671 ferrum
1249 3605 1316 3670 290

254 3715 392 3798 Aeneas,
411 3714 624 3797 strictamque
640 3713 743 3779 aciem
758 3713 962 3778 venientibus
977 3710 1069 3776 offert
1082 3733 1090 3793 3

254 3820 312 3904 Et,
329 3819 364 3884 ni
381 3820 478 3884 docta
494 3841 599 3884 comes
615 3827 729 3884 tenues
745 3818 813 3884 sine
830 3838 958 3902 corpore
975 3816 1062 3881 vitas

257 3927 443 3992 Admoneat
458 3925 594 3990 volitare
610 3946 691 3990 cava
706 3926 766 3990 sub
782 3925 924 4010 imagine
938 3923 1069 4004 formae,
