2944 4522
510 323 681 372 anunmos
703 325 769 374 nra.
792 323 844 372 lx.
1151 307 1218 371 213

155 483 304 571 Trajicit.
352 483 374 518 “
387 483 416 569 Ι,
433 484 540 550 verbis
556 484 715 550 virtutem
730 483 831 549 illude
847 485 1011 570 superbis!

156 589 178 622 “
191 590 248 655 Bis
263 590 354 676 capti
369 587 517 675 Phryges
531 588 611 654 haec
624 589 758 654 Rutulis
770 611 920 675 responsa
932 591 1139 656 remittunt.”
1153 589 1218 656 635

88 779 92 786 Ι
155 695 228 760 Hoc
244 704 378 760 tantum
392 694 578 776 Ascanius;
604 694 722 759 Teucri
737 695 875 760 clamore
891 703 1083 780 sequuntur,

155 798 364 884 Laetitiaque
379 798 524 863 fromunt
539 798 728 882 animosque
744 799 786 863 ad
803 799 907 864 sidera
922 801 1053 866 tollunt.

155 903 314 969 Aetheria
329 911 405 968 tum
419 904 503 969 forte
519 903 618 990 plaga
632 903 770 969 crinitus
786 903 907 989 Apollo

156 1009 307 1094 Desuper
322 1008 485 1074 Ausonias
501 1009 585 1074 acies
600 1007 780 1094 urbemque
796 1008 939 1092 videbat,

155 1113 254 1178 Nube
270 1114 397 1197 sedens,
414 1121 514 1198 atque
532 1113 583 1178 his
599 1113 755 1178 victorem
770 1112 892 1178 affatur
906 1113 1038 1180 Iulum:
1153 1111 1218 1179 640

157 1217 179 1249 “
191 1208 301 1282 Macte
317 1239 401 1282 nova
416 1217 551 1300 virtute,
569 1238 672 1302 puer:
698 1216 744 1282 sic
760 1217 829 1282 itur
844 1218 886 1282 ad
902 1224 1002 1301 astra,

157 1320 179 1353 “
193 1321 255 1386 Dis
270 1321 380 1407 genite
396 1328 430 1386 et
447 1321 596 1407 geniture
611 1321 696 1388 deos.
742 1321 766 1386 J
768 1341 825 1386 ure
840 1320 952 1386 omnia
967 1321 1053 1387 bella

157 1426 180 1460 “
194 1427 303 1493 (iente
320 1429 380 1494 sub
396 1427 550 1494 Assaraci
564 1427 634 1493 fato
648 1434 787 1492 ventura
803 1426 957 1512 resident,

156 1531 179 1564 “
191 1532 261 1597 Nec
277 1541 310 1597 te
327 1533 424 1618 Troja
440 1532 559 1618 capit.'’
607 1533 713 1599 Simul
728 1533 807 1597 hacc
823 1531 942 1598 effatus
957 1532 1000 1598 ab
1015 1533 1083 1598 alto

155 1637 298 1703 Aethere
315 1659 347 1703 se
363 1638 481 1722 mittit,
500 1637 660 1724 spirantes
675 1637 819 1703 dimovet
835 1659 940 1722 auras,
1152 1635 1217 1705 645

154 1742 401 1827 Ascaniumque
416 1743 504 1828 petit
518 1764 527 1825 3
551 1743 689 1807 formam
704 1751 777 1807 tum
792 1743 932 1808 vertitur
947 1743 1011 1808 oris

156 1846 348 1932 Antiquum
362 1846 398 1911 in
415 1847 535 1913 Buten.
582 1847 647 1911 Hic
665 1846 833 1912 Dardanio
848 1846 1014 1912 Anchisae

154 1950 306 2036 Armiger
321 1958 400 2016 ante
415 1951 481 2016 fuit
495 1951 645 2036 fidusque
661 1952 704 2016 ad
718 1950 834 2015 limina
850 1957 970 2034 custos,

157 2055 246 2119 Tum
262 2055 417 2120 comitem
432 2054 575 2122 Ascanio
591 2063 685 2142 pater
700 2055 838 2120 addidit.
885 2055 963 2119 Ibat
979 2054 1098 2140 Apollo

157 2159 277 2226 Omnia
292 2163 450 2248 longaevo
466 2162 591 2246 similis,
609 2181 785 2246 vocemque
801 2160 1002 2244 coloremque
1151 2159 1217 2226 650

156 2264 204 2331 Et
221 2266 323 2331 crines
339 2267 428 2333 albos
444 2275 478 2332 et
495 2289 591 2333 saeva
606 2266 774 2333 sonoribus
788 2285 902 2346 arma;

156 2370 270 2455 Atque
285 2371 336 2437 his
352 2372 521 2437 ardentem
536 2372 635 2436 dictis
650 2370 772 2436 affatur
788 2370 922 2436 Iulum:

158 2474 245 2541 “Sit
262 2476 351 2560 satis,
368 2475 505 2560 Aenide,
522 2477 598 2542 telis
613 2475 748 2561 impune
764 2474 958 2540 Numanum

157 2579 179 2612 “
193 2579 379 2666 Oppetiisse
395 2581 484 2648 tuis:
510 2582 650 2668 primam
664 2581 749 2646 hanc
765 2580 828 2645 tibi
843 2601 983 2666 magnus
999 2579 1119 2665 Apollo

157 2683 347 2750 “Concedit
363 2686 505 2770 laudem,
523 2693 556 2750 et
572 2685 703 2770 paribus
718 2705 783 2750 non
797 2684 923 2749 invidet
939 2683 1037 2748 armis
1051 2703 1059 2765 ;
1151 2683 1216 2748 655

157 2789 179 2823 “
190 2787 306 2854 Cetera
321 2811 428 2875 parce,
445 2811 536 2876 puer,
553 2790 668 2856 bello.'’
716 2789 769 2855 Sic
785 2775 1010 2873 orsus'Apollo

157 2890 315 2959 Mortales
330 2895 436 2959 medio
452 2887 630 2980 adspectus
642 2915 787 2959 sermone
803 2893 948 2978 reliquit,

154 2997 201 3063 Et
216 2999 331 3084 procul
345 2998 380 3062 in
394 3005 531 3064 tenuem
546 3020 587 3064 ex
602 2999 703 3064 oculis
720 2997 853 3063 evanuit
869 3019 991 3065 auram.

154 3101 326 3188 Agnovere
342 3104 440 3168 deum
456 3125 602 3189 proceres
617 3102 793 3188 divinaque
809 3103 877 3168 tela

155 3206 377 3292 Dardanidae,
394 3207 644 3292 pharetramque
660 3207 739 3294 fuga
754 3227 879 3272 sensere
895 3211 1076 3271 sonantem.
1150 3203 1215 3267 660

153 3311 241 3397 Ergo
256 3311 390 3376 avidum
405 3332 535 3397 pugnae
551 3311 648 3378 dictis
663 3333 701 3376 ac
717 3311 852 3376 numine
869 3307 994 3374 Phoebi

153 3415 336 3481 Ascanium
351 3415 534 3501 prohibent,
550 3416 615 3501 ipsi
629 3416 664 3480 in
679 3414 857 3480 certamina
872 3433 982 3478 rursus

155 3520 345 3587 Succedunt
360 3519 550 3605 animasque
566 3521 602 3586 in
617 3528 730 3606 aperta
744 3518 889 3605 pericula
904 3517 1058 3585 mittunt.

154 3625 189 3691 It
205 3625 329 3691 clamor
344 3625 422 3690 totis
438 3646 495 3711 per
509 3624 754 3711 propugnacula
769 3622 890 3704 muris;

152 3727 341 3794 Intendunt
356 3749 443 3794 acres
459 3750 564 3813 arcus,
582 3733 779 3811 amentaque
794 3733 957 3811 torquent.
1149 3726 1214 3792 665

152 3833 322 3901 Sternitur
337 3853 431 3898 omne
447 3833 552 3899 solum
567 3831 641 3897 telis
655 3853 664 3915 3
689 3839 763 3896 tum
779 3839 873 3896 scuta
888 3851 1052 3917 cavaeque

152 3938 247 4006 Dant
263 3937 409 4004 sonitum
424 3938 519 4004 flictu
534 3937 663 4024 galeae:
689 3958 801 4024 pugna
816 3957 931 4023 aspere
947 3936 1062 4023 surgit,
