2944 4522
243 316 307 384 198
601 335 773 384 nnnnrnos
797 336 862 383 nrn.
886 334 934 382 rx.

243 485 402 560 Turbatis
418 493 589 580 Messapus
605 493 718 579 equis3
743 501 919 559 cunctatur
933 500 966 558 et
983 491 1090 558 amnis

243 597 358 663 Rauca
374 619 492 664 sonans
508 606 701 683 revocatque
717 599 835 684 pedem
852 597 1026 662 Tiberinus
1042 597 1084 662 ab
1099 597 1174 661 alto.
1239 595 1306 661 125

242 701 292 767 At
308 725 373 768 non
389 704 506 769 audaci
522 703 634 770 Turno
649 704 770 770 fiducia
786 703 881 770 cessit
894 724 903 786 ;

244 807 343 872 Ultro
359 809 484 874 animos
500 809 588 873 tollit
605 808 711 892 dictis,
729 817 829 893 atque
844 808 991 893 increpat
1009 807 1118 873 ultro:

245 912 266 946 “
280 914 434 999 Trojanos
449 915 528 979 haec
545 922 690 979 monstra
706 921 839 1000 petunt,
857 914 907 979 his
922 913 1057 998 Jupiter
1071 913 1140 998 ipse

243 1016 267 1092 ‚“
280 1018 453 1086 Auxilium
469 1019 604 1084 solitum
620 1018 762 1104 eripuit;
787 1041 853 1084 non
868 1019 936 1083 tela
951 1039 1056 1102 neque
1071 1018 1161 1103 ignes

245 1122 266 1156 “
277 1124 488 1208 Exspectant
504 1123 655 1189 Rutulos.
701 1123 788 1208 Ergo
803 1123 907 1187 maria
921 1123 1012 1188 invia
1029 1121 1172 1206 Teucris,
1238 1124 1306 1186 130

244 1227 265 1262 “
275 1227 346 1292 Nec
363 1250 435 1314 spes
452 1229 520 1292 ulla
533 1227 648 1312 fugae:
675 1249 782 1292 rerum
797 1249 872 1313 pars
888 1228 991 1292 altera
1007 1228 1137 1292 ademto
1152 1233 1212 1310 est,

244 1331 266 1366 “
279 1333 379 1398 Terra
395 1340 507 1398 autem
521 1332 557 1396 in
571 1332 688 1397 nostris
703 1332 877 1399 manibus:
903 1339 954 1398 tot
971 1333 1083 1417 millis,
1100 1339 1214 1418 gentes

244 1435 267 1470 “
277 1438 381 1502 Arma
395 1438 506 1502 ferunt
522 1437 636 1504 Italae.
683 1436 743 1500 Nil
757 1457 810 1500 me
824 1437 940 1502 fatalia
958 1445 1090 1521 terrent,

244 1539 266 1574 “
280 1542 315 1608 Si
331 1563 396 1626 qua
412 1541 557 1627 Phryges
571 1561 648 1625 prae
664 1561 697 1605 se
708 1539 850 1626 jactant,
867 1562 1019 1626 responsa
1034 1542 1175 1608 deorum.

246 1645 267 1677 “
283 1646 342 1712 Sat
357 1646 436 1711 fatis
452 1645 639 1729 Venerique
654 1645 783 1728 datum,
801 1645 938 1730 tetigere
955 1647 1042 1731 quod
1057 1668 1133 1712 srva
1239 1649 1306 1714 135

244 1748 265 1782 “
283 1750 415 1816 Fertilis
431 1749 596 1816 Ausoniae
613 1749 720 1816 Troes.
770 1750 856 1816 Sunt
872 1757 906 1816 et
923 1773 996 1816 mea
1013 1758 1125 1817 contra

244 1854 266 1888 “
278 1855 365 1921 Fata
379 1857 472 1941 mihi,
489 1857 571 1922 ferro
588 1857 781 1922 sceleratam
797 1857 984 1922 exscindere
999 1865 1142 1942 gentem,

245 1959 266 1993 “
280 1960 426 2047 Oonjuge
442 1969 613 2046 praerepta
622 1982 632 2044 ;
656 1981 715 2025 nec
733 1961 815 2026 solos
830 1961 940 2046 tangit
957 1960 1093 2026 Atridas

245 2063 350 2130 “Iste
366 2066 465 2149 dolor,
483 2065 620 2150 solisque
635 2064 712 2130 licet
728 2085 842 2150 copore
858 2086 948 2128 arma
965 2063 1123 2148 Mycenis.

245 2168 346 2236 “Sed
362 2169 494 2255 periisse
511 2170 611 2235 semel
626 2169 706 2235 satis
723 2177 781 2235 est.
830 2169 968 2233 Pecoare
984 2169 1100 2234 fuisset
1240 2169 1306 2233 140

245 2272 370 2338 “Ante
387 2275 478 2359 satis,
495 2275 628 2360 penitus
643 2275 738 2340 modo
754 2296 820 2339 non
835 2295 937 2359 genus
954 2295 1048 2338 omne
1065 2295 1196 2360 perosos

244 2377 472 2444 “Femineum
485 2400 494 2462 ;
519 2379 639 2465 quibus
653 2379 733 2444 haec
749 2379 848 2444 medii
862 2379 985 2443 fiducia
1001 2379 1081 2444 valli

245 2480 266 2514 “
279 2483 518 2567 Fossarumque
534 2503 655 2564 morae,
672 2483 733 2547 leti
748 2483 936 2548 discrimina
951 2505 1064 2569 parva,

245 2584 371 2650 “Dant
388 2585 522 2652 animos.
569 2585 618 2650 At
634 2607 700 2650 non
714 2587 868 2653 viderunt
884 2588 1013 2652 moenia
1030 2587 1146 2673 Trojae

244 2689 430 2775 “Neptuni
444 2690 603 2755 fabricata
618 2711 720 2755 manu
736 2691 899 2757 considere
914 2692 950 2756 iu
965 2692 1083 2777 ignes?
1240 2691 1306 2760 145

244 2792 265 2826 “
280 2793 344 2859 Sed
359 2814 425 2877 vos,
442 2815 461 2859 o
475 2794 564 2878 lecti,
580 2795 663 2860 ferro
679 2795 753 2880 quis
769 2795 912 2860 scindere
927 2797 1053 2861 vallum

244 2897 265 2930 “
277 2897 430 2984 Apparet
446 2907 480 2963 et
495 2920 626 2964 mecum
640 2900 767 2966 invadit
782 2900 983 2986 trepidantia
998 2903 1136 2966 castra?

246 3002 268 3036 ‘⁴
281 3002 357 3068 Non
373 3004 469 3068 ermis
486 3003 567 3068 mihi
582 3003 735 3088 Vulcani,
753 3025 819 3070 uon
834 3005 925 3070 mille
940 3004 1059 3070 carinis

245 3106 343 3172 “Est
359 3127 439 3192 opus
454 3107 490 3171 in
506 3107 654 3174 Teucros.
701 3107 839 3173 Addant
855 3129 889 3174 se
904 3116 1060 3194 protenus
1076 3129 1188 3174 omnes

244 3211 266 3246 “
281 3211 415 3277 Etrusci
431 3212 540 3278 socios.
587 3211 753 3278 Tenebras
767 3220 801 3278 et
816 3213 934 3278 inertia
949 3214 1039 3278 furta
1238 3216 1306 3282 150

243 3317 265 3351 “
278 3317 432 3402 Palladii,
450 3317 552 3383 caesis
569 3337 715 3382 summae
730 3319 919 3384 custodibus
935 3320 1027 3403 arcis,

225 3448 227 3453 ·
244 3423 265 3456 “
277 3422 310 3486 N
312 3427 330 3488 'o
347 3421 508 3506 timeant;
532 3443 592 3488 nec
608 3423 684 3506 equi
699 3445 795 3488 caeca
810 3425 985 3489 condemur
999 3425 1034 3489 in
1050 3425 1145 3492 alvo:

243 3526 265 3559 “
277 3527 367 3592 Luce
383 3527 494 3612 palam
509 3533 636 3592 certum
652 3535 702 3592 est
718 3528 787 3613 igni
802 3529 1002 3593 circumdare
1018 3549 1135 3596 muros.

243 3629 265 3664 “
277 3630 379 3694 Haud
395 3630 456 3695 sibi
470 3651 547 3695 cum
563 3630 688 3696 Danais
703 3653 772 3696 rem
787 3630 863 3696 faxo
879 3643 913 3696 et
929 3633 1015 3718 pube
1031 3632 1172 3718 Pelasga

242 3735 265 3768 “
275 3735 355 3801 Esse
368 3742 499 3820 putent,
510 3735 674 3800 decimum
683 3755 764 3820 quos
773 3735 904 3800 distulit
914 3737 1039 3801 Hector
1047 3737 1082 3801 in
1093 3758 1228 3806 annum
1242 3742 1306 3806 155

244 3839 377 3905 “Nunc
394 3839 484 3923 adeo,
500 3839 613 3904 melior
629 3840 784 3923 quoniam
799 3861 874 3926 pars
890 3841 1055 3925 sotadici,

243 3942 372 4026 “Quod
388 3949 545 4028 superest,
562 3942 641 4008 laeti
655 3943 738 4008 bene
754 3944 855 4030 gostis
871 3965 1002 4030 corpora
1017 3945 1113 4012 rebus
