2944 4522
507 291 679 340 AENEIDOS
702 291 766 340 LIB.
790 291 835 340 1x.

146 453 318 537 Caedicus,
335 451 390 517 ille
406 471 464 518 suo
478 451 618 516 moriens
633 452 691 517 dat
706 451 825 517 habere
840 449 962 536 nepoti,

148 557 228 622 Post
244 565 384 621 mortem
399 555 484 620 bello
500 554 626 620 Rutuli·
635 575 811 640 pugnaque
828 554 938 640 potiti,
948 592 964 605 -

148 664 239 728 Haec
257 663 343 748 rapit
360 670 461 746 atque
476 661 621 726 humeris
636 661 858 745 nequidquam
874 661 1014 726 fortibus
1030 666 1147 746 aptat;

149 767 238 833 Tum
254 767 382 852 galeam
396 764 539 849 Messapi
554 764 696 828 habilem
713 765 883 848 cristisque
899 766 1050 828 decoram
1141 763 1206 829 365

148 870 273 936 Induit.
320 869 496 934 Excedunt
513 869 638 952 castris,
656 877 690 932 et
706 877 782 934 tuta
799 877 984 954 capessunt.

216 975 349 1038 Interea
364 973 533 1058 praemissi
548 973 674 1058 equites
689 995 731 1037 ex
746 974 825 1039 urbe
841 973 970 1057 Latina,

149 1080 267 1145 Cetera
283 1080 364 1143 dum
379 1078 462 1164 legio
478 1080 603 1164 campis
618 1079 782 1144 instructa
797 1086 952 1163 moratur,

149 1185 248 1249 Ibant
265 1192 299 1248 et
316 1183 427 1248 Turno
442 1184 510 1270 regi
526 1205 678 1268 responsa
692 1183 852 1268 ferebant,

150 1288 358 1372 Tercentum,
376 1288 498 1353 scutati
513 1309 635 1371 omnes,
654 1287 830 1353 Volscente
847 1288 1022 1374 magistro;
1144 1283 1210 1354 370

149 1394 293 1477 Jamque
308 1392 573 1478 propinquabant
589 1393 704 1457 castris
720 1414 876 1477 muroque
893 1393 1056 1476 subibant,

150 1498 261 1578 Quum
276 1498 390 1583 procul
404 1499 462 1563 hos
473 1498 564 1563 laevo
578 1497 748 1562 flectentes
763 1497 869 1562 limite
886 1506 1034 1583 cernunt,

150 1603 196 1667 Et
212 1604 305 1689 galea
321 1603 505 1688 Euryalum
522 1599 680 1667 sublustri
694 1602 799 1667 noctis
813 1603 849 1667 in
863 1603 979 1668 umbra

151 1707 299 1773 Prodidit
314 1707 536 1774 immemorem
552 1707 715 1792 radiisque
732 1709 864 1774 adversa
879 1707 1012 1774 refulsit.
1145 1703 1211 1773 374

151 1811 251 1876 Haud
267 1818 389 1878 temere
406 1820 456 1878 est
471 1813 597 1878 visum:
623 1813 806 1877 conclamat
829 1813 871 1876 ab
886 1813 1016 1898 agmine
1033 1812 1209 1878 Volscens:
1307 1876 1313 1886 ,

152 1914 172 1946 “
186 1915 290 2000 State,
306 1915 389 1982 viri!
412 1943 419 1956 ·
439 1915 530 1997 Quae
546 1917 741 2000 causariae,
759 1917 855 2000 quive
871 1917 949 1981 estis
964 1918 1000 1982 in
1016 1918 1127 2001 armis,
1144 1913 1209 1984 376

152 2020 296 2102 “Quove
311 2020 431 2086 tenetis
446 2020 511 2086 iter
524 2023 570 2087 ?’'
615 2020 708 2086 Nihil
722 2021 772 2086 illi
786 2022 918 2086 tendere
934 2009 1066 2104 contra3

153 2127 216 2193 Sed
232 2128 369 2192 celerare
385 2125 499 2212 fugam
521 2127 556 2192 in
571 2127 668 2192 silvas
684 2133 718 2191 et
733 2125 831 2191 fidere
847 2126 944 2214 nocti.
1065 2127 1067 2132 ’

153 2229 323 2316 Objiciunt
341 2230 466 2314 equites
482 2252 548 2295 sese
564 2231 606 2296 ad
625 2229 765 2296 divortia
779 2236 859 2294 nota

151 2335 239 2400 Hinc
256 2344 355 2420 atque
372 2335 457 2420 hino,
471 2357 664 2420 omnemque
680 2335 808 2400 abitum
820 2335 953 2399 custode
966 2340 1129 2402 coronant.
1146 2334 1212 2401 380

152 2441 242 2508 Silva
257 2441 333 2524 fuit,
350 2442 418 2506 late
434 2441 543 2507 dumis
559 2449 661 2526 atque
676 2441 749 2507 ilice
765 2441 857 2528 nigra
881 2459 886 2472 ·

151 2547 303 2631 Horrida,
314 2567 414 2631 quam
430 2547 521 2614 densi
537 2547 740 2632 complerant
755 2547 899 2631 undiquc
916 2554 1034 2632 sentes,

152 2651 243 2715 Rara
259 2671 317 2734 per
332 2651 475 2716 occultos
489 2651 621 2716 lucebat
638 2651 755 2716 semita
771 2651 878 2717 calles.

150 2755 333 2840 Euryalum
350 2755 501 2820 tenebrae
519 2777 682 2836 ramorum
704 2777 899 2841 onerosaque
915 2759 1035 2841 praeda

151 2861 356 2946 Impediunt,
372 2861 522 2945 fallitque
539 2861 636 2926 timor
651 2861 777 2946 regione
792 2861 927 2928 viarum.
1146 2863 1212 2934 385

151 2966 254 3032 Nisus
269 2967 337 3030 abit
350 2987 359 3047 ;
380 2965 515 3051 jamque
531 2966 718 3052 imprudens
735 2975 881 3032 evaserat
896 2969 1005 3033 hostes

151 3071 266 3155 Atque
280 3071 376 3155 locos,
395 3072 452 3156 qui
467 3079 540 3157 post
559 3071 663 3135 Albae
679 3073 719 3136 de
735 3071 863 3137 nomine
880 3073 961 3138 dicti

151 3175 286 3259 Albani,
303 3183 377 3240 tum
393 3197 450 3240 rex
466 3177 594 3242 stabula
610 3177 678 3241 alta
693 3177 834 3243 Latinus
850 3177 1011 3258 habebat3

153 3280 205 3346 Ut
221 3281 314 3346 stetit
331 3289 364 3346 et
380 3282 503 3348 frustra
518 3283 686 3348 absentem
703 3284 844 3369 respexit
860 3282 1011 3348 amicum.

154 3386 328 3470 “Euryale
343 3387 467 3470 infelirr,
485 3408 550 3472 qua
565 3396 599 3453 te
617 3389 743 3474 regione
758 3388 900 3472 reliqui?
1148 3385 1215 3454 390

154 3490 177 3522 “
191 3489 304 3571 Quave
320 3513 445 3576 sequar,
464 3514 572 3558 rursus
588 3494 782 3578 perplexum
797 3493 861 3556 iter
875 3513 971 3557 omne
987 3491 1154 3558 revolvens

155 3594 176 3628 “
185 3595 327 3661 Fallacis
344 3597 442 3662 silvae
452 3599 468 3664 P
480 3598 500 3627 ''
548 3597 653 3664 Simul
669 3606 703 3662 et
718 3597 856 3682 vestigia
870 3605 954 3662 retro

156 3699 341 3767 Observata
354 3702 446 3788 legit,
463 3703 636 3788 dumisque
653 3703 826 3768 silentibus
843 3711 937 3770 errat.

154 3807 262 3872 Audit
278 3828 389 3892 equos,
405 3809 499 3874 audit
515 3809 671 3894 strepitus
686 3816 720 3874 et
737 3809 828 3896 signa
845 3817 1050 3894 sequentum.

155 3911 224 3982 Nec
238 3914 377 4000 longum
391 3914 426 3979 in
440 3914 548 3980 medio
563 3923 704 4000 tempus,
723 3935 827 4001 quum
843 3917 966 3982 clamor
981 3917 1025 3982 ad
1040 3936 1133 3982 aures
1149 3916 1215 3983 395
