2898 4518
267 341 332 414 100
634 353 805 404 Annnrnos
828 357 893 405 nra.
918 356 954 404 ν.

265 517 287 551 “
300 517 398 582 Nunc
415 515 550 602 animos,
568 515 687 602 quibus
702 517 738 582 in
753 516 905 583 Gaetulis
922 516 1065 602 syrtibus
1082 515 1134 581 usi

265 624 451 709 “Ionioque
467 623 549 688 mari
565 623 756 708 Maleaeque
772 623 966 709 sequacibus
981 623 1087 690 undis.

266 730 287 763 “
301 730 378 796 Non
389 728 460 814 jam
476 729 581 814 prima
596 737 672 813 peto
688 729 894 814 Mnestheus,
910 750 1017 814 neque
1036 729 1162 794 vincere
1179 737 1282 795 certo-

266 836 286 870 “
299 836 575 921 QuamquemO...
611 835 675 902 sed
687 843 851 921 superent,
863 835 981 921 quibus
993 837 1064 920 hoc,
1076 835 1245 920 Neptune,
1264 838 1324 902 195

266 942 287 975 “
298 943 474 1008 Extremos
489 925 613 1027 pudeat
629 941 768 1008 rediisse.
794 941 866 1008 Hoc
879 941 1012 1028 vincite,
1027 943 1124 1026 cives,
1163 939 1324 1026 [dedisti-3

266 1049 287 1081 “
300 1049 346 1116 Et
362 1048 531 1135 prohibete
546 1047 667 1114 nefas.”
716 1047 785 1114 Olli
800 1047 976 1113 certamine
992 1069 1120 1113 summo

267 1153 514 1220 Procumbunt:
538 1151 641 1218 vestis
657 1152 770 1218 tremit
785 1152 906 1218 ictibus
922 1174 1014 1218 aerea
1030 1152 1160 1239 puppis,

267 1260 543 1345 subtrahiturque
560 1259 684 1341 solum:
709 1261 784 1324 tum
799 1259 909 1324 creber
923 1259 1087 1324 anhelitus
1103 1265 1196 1324 artus

267 1365 434 1451 Aridaque
449 1387 505 1431 ora
521 1365 641 1452 quatit,
659 1366 755 1431 sudor
769 1363 845 1430 fluit
859 1365 1005 1450 undique
1021 1364 1104 1432 rivis.
1217 1369 1225 1386 '
1264 1363 1326 1427 200

267 1471 397 1538 Attulit
412 1470 481 1557 ipse
496 1469 574 1536 viris
589 1475 745 1556 optatum
761 1491 855 1535 casus
870 1471 1043 1538 honorem:

267 1577 420 1662 Namque
434 1577 546 1642 furens
562 1575 664 1641 animi
679 1576 760 1641 dum
776 1597 905 1662 proram
919 1577 962 1642 ad
978 1597 1057 1642 saxa
1073 1575 1258 1661 suburguet

267 1683 408 1749 Interior
423 1681 593 1767 spatioque
610 1680 698 1746 subit
715 1681 886 1767 Sergestus
901 1680 1025 1767 inique,

268 1786 389 1852 Infelix
405 1786 492 1852 saxis
507 1786 542 1852 in
557 1785 820 1872 procurrentibus
834 1786 949 1853 haesit.

269 1892 452 1959 Concussae
467 1898 591 1976 cautes,
608 1899 641 1956 et
657 1899 754 1956 acuto
770 1891 805 1956 in
820 1891 944 1956 murice
958 1892 1039 1956 remi
1265 1893 1328 1959 205

271 1996 395 2064 Obnixi
410 2017 573 2082 crepuere,
590 1995 741 2081 illisaque
757 2018 851 2081 prora
866 1997 1032 2083 pependit.
1301 1988 1303 1997 ’

269 2101 480 2188 Consurgunt
496 2108 617 2168 nautae
633 2109 667 2166 et
683 2123 802 2187 magno
818 2102 957 2167 clamore
972 2110 1153 2186 morantur,

269 2195 485 2292 Ferratasq'uc
500 2208 613 2272 trudes
629 2214 662 2272 et
678 2213 778 2272 acuta
795 2207 927 2293 cuspide
943 2215 1055 2274 contos

269 2312 475 2400 Expediunt,
492 2311 676 2398 fractosque
691 2313 807 2399 legunt
823 2312 858 2377 in
873 2314 1003 2400 gurgite
1019 2335 1129 2381 remos.

270 2419 318 2485 At
335 2419 443 2483 laetus
460 2417 664 2501 Mnestheus,
682 2439 898 2504 successuque
913 2419 1016 2484 aerior
1030 2419 1113 2506 ipso,
1269 2422 1337 2486 210

270 2522 413 2610 Agmine
430 2543 593 2588 remorum
609 2523 705 2589 celeri
719 2523 889 2611 ventisque
905 2525 1030 2591 vocatis

271 2631 378 2694 Prona
394 2629 479 2715 petit
494 2629 597 2694 maria
613 2636 648 2694 et
663 2629 779 2715 pelago
794 2630 937 2695 decurrit
952 2639 1072 2716 aperte.

272 2736 386 2817 Qualis
403 2735 558 2821 spelunca
575 2735 683 2800 subito
699 2743 862 2800 commota
878 2735 1042 2819 columba,

272 2840 335 2908 Cui
350 2841 465 2905 domus
481 2847 515 2904 et
532 2839 642 2904 dulces
657 2839 819 2904 latebroso
834 2839 869 2904 in
885 2840 1014 2925 pumice
1031 2840 1109 2924 nidi,

271 2947 391 3012 Fertur
405 2945 440 3010 in
456 2967 533 3009 arva
550 2945 660 3009 volans
676 2945 896 3031 plausumque
912 2945 1068 3010 exterrita
1083 2946 1200 3032 pennis
1271 2949 1341 3016 215

273 3051 342 3116 Dat
359 3057 447 3116 tecto
462 3049 641 3136 ingentem,
659 3071 736 3115 mox
751 3056 828 3115 edre
844 3049 936 3136 lapsa
952 3051 1062 3136 quieto

273 3156 375 3222 Radit
391 3155 454 3221 iter
469 3153 644 3240 liquidum,
662 3155 781 3220 celeres
796 3175 902 3240 neque
918 3163 1102 3221 commovet
1118 3157 1205 3222 alas.

274 3262 327 3328 sio
344 3260 546 3344 Mnestheus,
564 3258 609 3325 sio
625 3259 697 3346 ipsa
720 3258 801 3344 fraga
823 3267 911 3325 secat
927 3259 1047 3326 ultima
1063 3260 1180 3327 Pristis

273 3367 434 3452 Aequora,
452 3365 498 3432 sic
513 3365 604 3430 illam
619 3364 681 3430 fert
697 3365 841 3450 impetus
856 3363 926 3449 ipse
942 3365 1118 3433 volantem.
1269 3455 1271 3458 Ι

274 3473 321 3539 Et
336 3471 480 3558 primum
495 3471 530 3536 in
546 3471 677 3558 scopulo
692 3471 878 3536 luctantem
894 3471 1013 3537 deserit
1029 3473 1097 3538 alto
1273 3477 1347 3541 220

275 3578 463 3662 Sergestum
477 3576 692 3663 brevibusque
708 3575 813 3658 vadis,
830 3575 1015 3662 frustraque
1031 3587 1204 3644 vocantem

275 3681 411 3750 Auxilia
427 3687 461 3745 et
476 3681 589 3746 fractis
604 3681 785 3747 discentem
801 3701 924 3746 currere
941 3681 1045 3749 remis.

275 3787 358 3852 Inde
375 3785 472 3870 Gyan
483 3785 652 3870 ipsamque
668 3785 794 3870 ingenti
810 3785 894 3851 mole
912 3785 1122 3853 Chimaeram

276 3890 516 3976 Consequitur:
541 3890 638 3973 cedit,
655 3890 808 3974 quoniam
824 3891 964 3976 spoliata
979 3893 1136 3978 magistro
1151 3901 1211 3962 est.

279 3998 372 4063 Solus
383 3995 518 4081 jamque
534 3994 605 4079 ipso
621 3984 818 4079 superesffin
834 3994 898 4060 fine
916 3996 1110 4084 Cloanthus,
1275 4001 1349 4068 225
