2922 4516
516 321 688 368 aunnrnos
710 323 774 370 urs.
802 323 863 371 xrr.
1037 323 1042 334 ·
1156 308 1222 374 299

897 407 908 432 .

160 481 181 516 “
195 481 352 566 Trojanos
368 481 519 568 potuisti,
532 480 706 546 infandum
721 483 895 547 accendere
910 483 1044 568 bellum,

161 587 181 620 “
195 588 386 653 Deformare
403 588 549 669 domum,
566 593 600 650 et
616 586 711 651 luctu
725 585 859 651 miscam
875 586 1091 671 hymenaeos3
1154 589 1221 655 805

161 692 344 758 “Ulterius
359 699 487 757 tentare
502 681 609 757 veto.''
656 691 708 758 Sic
723 691 859 777 Jupiter
874 714 984 775 orsus;

162 797 215 862 Sic
230 797 291 862 dea
308 796 467 862 submisso
484 802 598 861 contra
614 796 768 862 Saturnia
783 797 901 863 vultu:

162 899 183 931 “
197 900 268 964 Ista
283 899 416 984 quidem
432 898 509 983 quia
525 905 605 963 nota
619 899 700 964 mihi
716 906 785 981 tua,
802 920 931 985 magne,
948 900 1110 986 voluntas,

161 1004 181 1038 “
194 1003 337 1090 Jupiter,
362 1012 396 1069 et
424 1003 575 1069 Turnum
590 1011 623 1068 et
639 1010 741 1068 terras
756 1003 864 1069 invita
879 1005 996 1089 reliqui
1009 1029 1019 1088 3

162 1109 263 1174 “Nec
280 1116 319 1174 tu
333 1108 490 1174 meatria
506 1109 608 1174 solam
622 1130 709 1174 nuno
726 1109 801 1174 sede
816 1108 940 1175 videres
1156 1114 1223 1178 810

161 1213 307 1300 “Digna
321 1214 457 1300 indigna
471 1214 553 1300 pati,
571 1215 627 1279 sed
641 1213 783 1280 flammis
799 1215 908 1280 cincta
925 1216 986 1280 sub
1001 1215 1109 1301 ipsam

161 1319 183 1352 “
197 1321 327 1387 Starem
342 1319 447 1384 aciem
462 1320 689 1404 traheremque
705 1318 839 1384 inimica
853 1320 889 1385 in
904 1320 1026 1406 proelia
1044 1321 1197 1388 Teucros.

161 1425 182 1457 “
194 1424 218 1489 J
220 1431 379 1490 uturnam
394 1423 520 1508 misero,
537 1422 650 1507 fateor,
668 1445 851 1490 succurrere
866 1424 959 1490 fratri

161 1531 184 1564 “
196 1530 301 1616 Suasi,
319 1537 353 1596 et
369 1551 426 1616 pro
441 1529 512 1595 vita
526 1528 651 1614 majora
666 1530 786 1595 audere
801 1531 954 1616 probavi;
1187 1605 1189 1610 ,

161 1636 183 1669 “
195 1636 273 1701 Non
288 1644 327 1702 ut
342 1636 411 1702 tela
426 1643 548 1719 tamen,
566 1657 631 1699 non
648 1642 687 1699 ut
702 1636 911 1701 contenderet
928 1659 1060 1705 arcum:
1154 1639 1221 1705 815

161 1741 184 1774 “
197 1741 324 1827 Adjuro
341 1740 448 1827 Stygii
463 1748 566 1826 caput
581 1740 791 1826 implacabile
805 1741 916 1826 sontis,

161 1845 277 1912 “Una
292 1845 483 1931 superstitio
499 1844 624 1929 superis
640 1865 724 1928 quae
740 1844 869 1909 reddita
884 1845 976 1912 divis.

160 1950 183 1984 “
193 1951 241 2016 Et
256 1972 344 2016 nuno
361 1949 439 2015 cedo
454 1948 618 2033 equidem,
636 1969 829 2034 pugnasque
845 1970 942 2014 exosa
957 1949 1125 2036 relinquo;

161 2054 288 2120 “Illud
303 2062 348 2139 te,
365 2053 458 2119 nulla
472 2053 534 2118 sati
550 2053 638 2137 quod
653 2052 724 2138 lege
740 2059 885 2136 tenetur,

161 2160 184 2192 “
201 2161 265 2225 Pro
280 2158 378 2225 Latio
393 2158 548 2242 obtestor,
565 2180 623 2244 pro
639 2157 812 2242 majestate
828 2165 981 2225 tuorum:
1156 2160 1223 2224 820

161 2263 183 2296 “
197 2263 307 2344 Quum
317 2261 389 2348 jam
405 2262 573 2327 connubiis
588 2283 704 2347 pacem
718 2261 868 2327 felicibus
878 2270 991 2328 -esto-

161 2365 184 2399 “
196 2365 413 2451 component,
431 2386 508 2430 curn
519 2364 590 2450 jam
604 2365 692 2450 leges
708 2373 742 2430 et
757 2365 888 2430 foedera
898 2365 1041 2452 jungent
1056 2387 1065 2449 ;

161 2472 183 2504 “
195 2471 247 2537 Ne
263 2479 359 2538 vetus
373 2471 543 2557 indigenas
558 2493 676 2537 nomen
691 2479 820 2536 mutare
836 2471 985 2556 Latinos,

161 2578 184 2612 “
195 2578 272 2644 Neu
287 2577 387 2644 Troas
401 2577 471 2643 fieri
482 2576 598 2662 jubeas
615 2577 819 2662 Teucrosque
835 2579 951 2662 vocari,

163 2683 184 2716 “
197 2683 272 2748 Aut
286 2704 400 2748 vocem
415 2688 545 2746 mutare
560 2681 657 2766 viros,
674 2688 734 2746 aut
749 2689 874 2747 vertere
889 2689 1023 2748 vestem.
1154 2684 1221 2750 825

164 2787 250 2856 “Sit
266 2787 412 2871 Latium,
431 2785 497 2852 sint
513 2784 637 2851 Albani
651 2807 709 2871 per
725 2786 855 2852 saecula
870 2808 971 2872 reges,

163 2891 250 2960 “Sit
266 2891 416 2957 Romana
431 2897 548 2976 potens
564 2889 651 2954 Itala
666 2888 789 2954 virtute
805 2912 968 2977 propag03

163 2995 185 3028 “
198 2995 338 3080 Occidit,
356 2993 572 3078 occideritque
589 2993 675 3060 sinas
691 3015 768 3059 cum
784 2996 912 3059 nomine
930 2996 1058 3080 Troja.”

162 3101 230 3169 Olli
245 3100 414 3168 subridens
429 3099 599 3166 hominum
614 3120 785 3184 rerumque
801 3107 961 3186 repertor:

164 3206 245 3272 “Es
261 3227 415 3292 germana
430 3205 524 3271 Jovis
541 3204 738 3290 Saturnique
754 3206 857 3270 altera
872 3205 995 3290 proles:
1156 3205 1222 3269 830

164 3311 328 3375 “Irarum
345 3317 455 3376 tantos
470 3309 571 3402 yolvis
588 3310 648 3375 sub
664 3319 793 3396 pectore
810 3310 961 3376 fluctus?

164 3414 326 3479 “Verum
341 3435 400 3500 age
416 3422 449 3479 et
464 3415 634 3501 inceptum
648 3415 770 3480 frustra
786 3414 946 3479 submitte
961 3413 1107 3479 furorem
1123 3434 1131 3480 :

164 3519 185 3551 “
199 3519 263 3604 Do,
282 3521 369 3603 quod
384 3519 443 3604 vis,
460 3526 562 3584 etms
578 3520 749 3605 victusque
765 3519 939 3604 volensque
955 3518 1095 3585 remitto.

164 3622 385 3688 “Sermonem
403 3622 540 3689 Ausonii
555 3623 700 3709 patrium
715 3643 884 3706 moresque
900 3623 1073 3707 tenebunt,

164 3726 314 3813 “thue
330 3719 392 3811 est,
409 3750 528 3793 nomen
543 3729 623 3810 erit;
648 3728 817 3793 commixti
833 3749 961 3814 corpore
976 3737 1111 3794 tantum
1158 3729 1224 3795 835

164 3829 380 3898 “Subsident
397 3833 523 3899 Teucri.
570 3833 695 3898 Morem
710 3831 857 3917 ritusque
874 3855 1038 3900 sacrorum

165 3934 186 3968 “
197 3935 376 4022 Adjiciam,
391 3936 576 4023 faciamque
592 3957 703 4002 omnes
719 3958 785 4002 uno
800 3959 854 4003 ore
870 3939 1014 4006 Latinos.
