2898 4518
266 302 331 366 104
629 321 799 368 anumuos
822 323 886 372 nm.
912 323 944 372 v.
1009 303 1011 308 ’

263 477 383 544 Finem
398 480 632 565 adventabant,
648 481 712 546 levi
724 503 800 546 cum
817 483 973 568 sanguiue
990 483 1092 550 Nisus
1192 519 1196 530 ·

263 584 401 650 Labitur
416 585 539 669 infelix,
557 588 657 652 caesis
673 595 712 652 ut
727 588 810 653 forte
821 589 969 673 juvencis

262 689 371 756 Fusus
386 691 526 755 humum
541 692 721 777 viridesque
740 715 836 778 super
851 695 1067 760 madefecerat
1084 696 1209 761 herbas.
1258 694 1326 760 330

263 794 328 858 Hic
339 793 469 880 juvenis
481 795 550 881 jam
567 797 672 862 victor
687 820 787 864 ovans
804 799 941 884 vestigia
956 821 1064 884 presso

246 893 365 964 'Haud
380 899 489 964 tenuit
505 900 744 990 titubatqsolo,
763 903 821 968 sed
836 925 957 988 pronus
972 904 1093 989 inipso

264 1001 414 1068 Concidit
430 1004 663 1091 immundoque
678 1007 756 1072 fimo
773 1029 925 1093 sacroque
941 1030 1061 1075 cruore.

262 1105 338 1171 Non
353 1114 464 1172 tamen
479 1108 626 1194 Euryali,
643 1132 708 1175 non
723 1111 777 1176 ille
793 1112 913 1178 oblitus
929 1134 1099 1180 amorum:

262 1211 351 1275 Nam
367 1234 434 1278 sese
449 1213 602 1299 opposuit
620 1215 707 1282 Salio
723 1237 781 1302 per
795 1216 920 1282 lubrica
936 1238 1090 1303 surgens;
1260 1219 1327 1284 335

262 1315 323 1380 Ille
339 1324 452 1382 autem
468 1319 571 1404 spisse
581 1318 689 1404 jacuit
704 1321 872 1386 revolutus
887 1343 994 1388 arena.

262 1420 393 1486 Emicat
409 1421 588 1507 Euryalus,
602 1431 637 1488 et
652 1445 784 1488 munere
801 1424 907 1490 victor
921 1425 1019 1490 amici

262 1525 374 1591 Prima
390 1535 493 1612 tenet,
510 1528 692 1613 plausuque
708 1530 797 1594 volat
813 1530 1013 1614 fremituque
1030 1531 1179 1596 secundo.

263 1629 342 1696 Post
360 1631 521 1717 Helymus
537 1633 637 1718 subit,
654 1642 688 1698 et
704 1656 790 1699 nunc
807 1634 907 1699 tertia
922 1636 1034 1720 palma
1050 1635 1174 1702 Diores.

262 1736 326 1801 Hic
343 1745 452 1802 totum
469 1759 583 1802 caveae
599 1760 785 1804 consessum
800 1739 943 1825 ingentis
959 1748 993 1804 et
1009 1761 1065 1806 ora
1259 1738 1325 1802 340

262 1843 373 1907 Prima
388 1851 521 1928 patrum
536 1845 664 1930 magnis
682 1845 789 1911 Salius
805 1845 999 1910 clamoribus
1015 1845 1157 1930 implet,

261 1949 485 2034 Ereptumque
502 1949 574 2014 dolo
589 1950 680 2024 reddi
696 1949 758 2014 sibi
773 1949 877 2035 poscit
892 1951 1054 2016 honorem.

263 2055 408 2120 Tutatur·
424 2055 514 2120 favor
528 2056 721 2141 Euryalum,
738 2056 957 2141 lacrimaeque
973 2057 1117 2139 decorae,

262 2161 394 2227 (iratior
408 2169 442 2226 et
457 2161 593 2247 pulchro
608 2161 739 2226 veniens
754 2161 788 2226 in
804 2183 933 2247 corpore
950 2160 1076 2242 virtus3

261 2266 409 2353 Adjuvat
426 2274 459 2331 et
474 2287 595 2352 magna
611 2267 791 2351 proclamat
806 2287 882 2335 voce
899 2265 1024 2349 Diores,
1260 2261 1326 2328 345

262 2372 326 2452 Qui
342 2371 441 2437 subiit
456 2372 597 2457 palmae,
613 2371 798 2456 frustraque
814 2373 856 2436 ad
870 2369 1017 2457 praemia
1032 2369 1122 2434 venit

261 2477 401 2561 Ultima,
419 2477 447 2543 si
462 2477 560 2563 primi
578 2478 664 2544 Salio
680 2479 858 2543 reddantur
873 2477 1017 2545 bonorea

262 2583 350 2647 Tum
364 2589 459 2669 pater
473 2582 601 2649 Aeneas
619 2583 639 2616 “
652 2581 771 2648 Vestra
781 2586 800 2612 '’
815 2583 926 2668 inquit
943 2582 964 2614 ‘⁴
977 2602 1112 2646 munera
1127 2579 1219 2644 vobis

262 2687 284 2720 “
297 2686 395 2754 Oerta
410 2695 555 2772 manent,
572 2688 674 2773 pueri,
692 2695 725 2752 et
741 2688 887 2772 palmam
902 2695 1011 2751 movet
1028 2685 1138 2751 ordine
1155 2703 1275 2762 nemo;

215 2854 221 2866 ,
262 2791 282 2822 “
295 2791 350 2857 Me
366 2792 465 2858 liceat
481 2813 574 2858 casus
589 2792 736 2858 miserari
750 2791 888 2856 insontis
904 2790 1032 2856 amici.”
1252 2788 1319 2852 350

262 2897 315 2963 Sic
329 2897 429 2982 fatus,
447 2905 578 2983 tergum
594 2897 731 2964 Gaetuli
745 2899 886 2962 immane
901 2897 1001 2963 leonis

262 3003 330 3068 Dat
348 3003 445 3088 Salio,
462 3003 547 3069 villis
562 3025 731 3070 onerosum
747 3012 846 3090 atque
862 3003 1027 3090 unguibus
1043 3000 1154 3066 aureis.

261 3109 324 3173 Hic
341 3107 443 3174 Nisus
461 3106 481 3140 “
496 3109 531 3175 si
546 3112 671 3174 tanta'’
687 3109 796 3194 inquit
813 3108 833 3140 “
847 3116 924 3174 sunt
940 3106 1085 3194 praemia
1101 3105 1209 3189 victis,

262 3213 342 3278 “Et
360 3221 393 3277 te
408 3214 573 3299 lapsorum
588 3213 738 3301 miseret,
764 3234 847 3300 quae
864 3234 999 3278 munera
1015 3210 1097 3276 Niso

177 3389 180 3394 ,
261 3318 282 3351 “
297 3319 408 3404 Digna
423 3319 526 3403 dabis,
544 3319 686 3405 primam
702 3319 806 3383 merui
821 3317 879 3405 qui
894 3318 991 3382 laude
1008 3337 1168 3398 coronam,
1256 3317 1319 3380 355

262 3424 341 3488 “Ni
356 3446 418 3508 me,
432 3445 515 3509 quae
532 3432 566 3489 ct
585 3424 722 3509 Salium,
738 3425 867 3490 fortuna
882 3423 1015 3488 inimica
1031 3421 1160 3486 tulisset
1175 3421 1191 3484 ?

260 3530 306 3594 Et
323 3529 419 3594 simul
434 3530 485 3596 his
501 3531 600 3596 dictis
615 3530 733 3596 faciem
749 3530 937 3595 ostentabat
953 3536 986 3593 et
1002 3528 1067 3592 udo

173 3705 187 3734 θ
261 3633 385 3719 Tur‘pia
400 3635 547 3698 membra
562 3635 648 3701 fimo.
695 3634 783 3699 Risit
798 3641 892 3720 pater
908 3631 1050 3718 optimus
1066 3627 1131 3712 olli,

259 3739 306 3804 Et
322 3739 464 3824 clipeum
479 3737 582 3803 efferri
594 3736 704 3824 jussit,
723 3738 939 3824 Didymaonis
954 3745 1051 3819 artes,

259 3845 410 3931 Neptuni
426 3865 514 3910 sacro
533 3844 655 3910 Danais
671 3845 819 3930 deposta
835 3844 983 3908 refixum.
1255 3839 1319 3904 360

259 3949 331 4014 Ηοο
344 3949 497 4034 juvenem
514 3950 679 4036 egregium
695 3950 876 4036 praestanti
892 3969 1024 4014 munere
1040 3947 1152 4013 donat.
