2898 4518
278 321 341 388 106
644 337 817 384 Anxurnas
839 337 904 386 nra.
929 337 961 384 v.

275 498 296 532 “
310 499 450 585 Sanguis
466 498 574 584 hebet,
591 497 773 586 frigentque
790 495 905 562 effetae
920 497 955 562 iu
970 517 1099 581 corpore
1115 496 1206 562 vires.

276 603 297 639 “
313 605 348 672 si
363 605 454 689 mihi,
471 625 555 690 quae
568 603 734 688 quondam
747 603 867 686 fuerat,
885 622 1014 686 quaque
1029 599 1197 688 improbus
1213 599 1277 666 iste

274 709 468 775 “Exsultat
484 709 598 793 fidens,
616 708 644 774 si
659 729 746 773 nunc
762 707 844 772 foret
860 707 917 772 illa
928 705 1103 792 juventas;

274 813 295 848 “
309 813 410 879 Haud
425 812 577 899 equidem
593 813 696 899 pretio
711 812 866 878 inductus
882 810 1083 897 pulchroque
1095 811 1236 896 juvenco

274 917 295 950 “
308 917 501 985 Venissem:
526 938 585 983 nec
601 918 687 984 dona
701 919 833 983 moror.''
882 916 935 982 Sic
951 915 1067 981 deinde
1082 916 1212 980 locutus
1269 914 1338 980 400

273 1022 315 1088 In
330 1022 476 1087 medium
491 1021 635 1108 geminos
650 1020 788 1086 immani
804 1021 944 1106 pondere
960 1027 1069 1086 cestus

274 1125 425 1213 Projecit,
443 1127 561 1214 quibus
577 1148 651 1192 acer
666 1127 758 1211 Eryx
773 1126 808 1192 iu
822 1126 944 1212 proelia
960 1133 1074 1192 suetus

274 1233 372 1298 Ferre
388 1253 525 1298 manum
540 1232 686 1318 duroque
701 1231 868 1296 intendere
883 1231 1018 1297 brachia
1032 1237 1132 1317 tergo.

274 1337 482 1424 Obstupuere
497 1336 617 1404 animi:
642 1343 811 1402 tantorum
826 1335 977 1419 ingentia
992 1343 1120 1421 septem

276 1443 382 1529 Terga
397 1443 497 1508 boum
513 1441 648 1528 plumbo
662 1441 772 1506 insuto
787 1440 935 1526 ferroque
951 1440 1110 1527 rigebant.
1269 1439 1337 1509 405

273 1548 365 1612 Ante
381 1568 491 1612 omnes
507 1553 620 1632 stupet
635 1546 705 1632 ipse
722 1545 835 1629 Dares,
851 1546 1011 1631 longeque
1026 1554 1177 1630 recusst3

274 1652 570 1739 Magnanimusque
586 1651 802 1718 Anchisiades
818 1659 852 1716 et
868 1651 995 1737 pondus
1009 1658 1044 1716 et
1059 1651 1131 1738 ipsa

274 1757 351 1822 Huc
367 1757 444 1822 illuc
460 1755 641 1822 vinclorum
655 1756 817 1822 immensa
832 1755 1000 1821 volumina
1015 1763 1130 1824 versat.

273 1863 362 1927 Tum
377 1861 484 1928 senior
497 1861 581 1926 tales
596 1861 753 1927 referebat
770 1868 901 1946 pectore
917 1880 1028 1928 voces:

274 1966 294 1998 “
308 1967 406 2050 Quid,
420 1965 448 2031 si
462 1965 536 2051 quis
551 1973 658 2030 cestus
673 1963 777 2050 ipsius
792 1972 826 2030 et
843 1964 996 2030 Herculis
1011 1985 1106 2030 arma
1269 1965 1337 2031 410

274 2070 295 2102 “
309 2071 465 2155 Vidisset,
483 2068 676 2156 tristemque
691 2069 751 2135 hcc
767 2069 838 2154 ipso
853 2069 888 2135 in
903 2070 997 2136 litore
1013 2073 1187 2156 pugnam?

274 2174 401 2266 “Haec
417 2195 587 2262 germanus
606 2174 696 2260 Eryx
712 2175 877 2261 quondam
894 2182 972 2240 tuus
988 2197 1078 2240 arma
1093 2175 1244 2262 gerebat-

273 2277 295 2312 “
309 2279 473 2366 Sanguine
489 2279 590 2344 cernis
607 2279 716 2344 adhuc
733 2300 906 2364 sparsoque
922 2279 1042 2346 infecta
1057 2281 1210 2347 cerebra.

274 2383 295 2416 “
309 2384 372 2448 His
387 2392 543 2470 magnum
559 2382 699 2450 Alciden
715 2391 829 2450 contra
844 2383 958 2467 stetit;
982 2385 1034 2450 bis
1050 2407 1108 2471 ego
1125 2392 1252 2470 suetus,

274 2486 401 2551 “Dum
417 2487 527 2552 melior
543 2486 625 2552 vires
641 2487 774 2572 sanguis
791 2488 902 2571 dabat,
920 2489 1050 2553 aemula
1065 2490 1206 2554 necdum
1269 2488 1336 2556 415

273 2591 523 2677 “Temporibus
538 2591 677 2678 geminis
693 2593 832 2657 canebat
848 2614 959 2677 sparsa
975 2600 1132 2660 senectus.

276 2697 295 2730 “
310 2698 374 2764 Sed
391 2697 418 2762 si
433 2705 543 2762 nostra
560 2697 663 2762 Dares
679 2697 759 2762 haec
777 2696 894 2762 Troius
910 2719 1000 2762 arma
1015 2705 1153 2782 recusat,

273 2803 413 2888 “quue
429 2803 482 2888 pio
499 2804 590 2882 sedet
606 2802 748 2887 Aeneae,
766 2802 882 2888 probat
898 2810 1014 2867 auctor
1028 2802 1165 2868 Acestes
1179 2823 1189 2886 ;

273 2907 294 2942 “
307 2907 496 2993 Aequemus
512 2929 661 2994 pugnas:
686 2907 800 2992 Erycis
816 2907 878 2972 tibi
893 2915 985 2993 terga
1000 2908 1147 2973 remitto-

273 3011 402 3078 “Solve
419 3020 554 3097 metus,
571 3019 605 3078 et
621 3019 661 3078 tu
678 3011 834 3097 Trojanos
850 3033 932 3076 exue
948 3015 1087 3079 cestus.”
1270 3012 1336 3081 420

272 3116 362 3182 Haec
379 3117 470 3182 fatus
487 3117 653 3203 duplicem
668 3138 709 3181 ex
724 3116 868 3182 humeris
883 3102 994 3201 rejecit
1009 3117 1183 3202 amictum,

272 3220 318 3287 Et
333 3243 469 3308 magnos
483 3221 703 3286 membrorum
719 3228 820 3305 artus,
838 3241 959 3306 magna
974 3243 1044 3287 ossa
1059 3223 1264 3308 lacertosque

271 3325 387 3411 Exuit,
404 3331 504 3411 atque
520 3325 635 3412 ingens
650 3325 758 3390 media
774 3325 922 3390 consistit
937 3347 1044 3392 arena.

273 3431 362 3496 Tum
378 3439 469 3496 satus
485 3430 631 3496 Anchisa
646 3438 755 3496 cestus
772 3437 865 3516 pater
880 3431 1001 3496 extulit
1017 3451 1147 3516 aequos,

272 3535 320 3600 Et
336 3535 468 3620 paribus
483 3535 610 3620 palmas
626 3536 796 3600 amborum
811 3534 964 3599 innexuit
979 3536 1086 3601 armis.
1269 3536 1334 3603 425

275 3640 432 3707 Constitit
446 3639 482 3704 in
496 3639 617 3726 digitos
633 3639 800 3724 extemplo
816 3646 961 3704 arrectus
976 3647 1124 3724 uterque,

275 3744 478 3829 Brachioque
493 3745 536 3809 ad
552 3766 686 3829 superas
702 3743 872 3810 interritus
888 3744 1010 3809 extulit
1026 3766 1132 3811 auras.

274 3850 448 3918 Abduxere
463 3856 547 3914 retro
562 3849 658 3934 longe
674 3849 785 3934 capita
800 3849 904 3914 ardua
919 3849 961 3914 ab
977 3849 1058 3934 ictu,

274 3953 527 4038 Immisoentque
543 3972 660 4018 manus
674 3954 838 4040 manibus,
855 3975 1065 4041 pugnamque
1080 3955 1258 4041 lacessunt,
