2898 4518
245 318 290 386 92
604 334 775 384 animnos
797 335 862 385 mn.
886 336 933 386 rv.

244 495 348 561 'Pecto
363 495 509 562 fremunt
521 515 531 579 ;
555 503 685 562 resonat
700 495 830 582 magnis
844 494 1054 582 plangoribus
1068 497 1192 582 aether,

243 600 323 666 Non
338 601 443 685 aliter,
460 622 559 686 quam
577 599 605 666 si
619 599 772 666 immissis
788 609 862 666 ruat
876 601 1025 666 hostibus
1040 601 1146 666 omnis
1257 682 1264 696 .

244 707 408 794 Carthago
423 715 483 773 aut
498 707 635 793 antiqua
650 707 763 796 Tyros,
780 707 995 793 flammaeque
1010 708 1154 773 furentes
1238 705 1308 776 670

244 812 399 878 Culmina
413 833 536 898 perque
551 811 721 877 bominum
734 812 909 878 volvantur
924 833 1045 898 perque
1060 808 1205 880 deorum.

243 916 363 982 Audiit
379 917 549 1001 exanimis,
567 917 759 1003 trepidoque
775 917 932 982 exterrita
947 937 1056 1002 curso,

243 1021 422 1108 Unguibus
438 1043 492 1088 ora
507 1043 595 1088 soror
608 1022 741 1088 foedans
757 1029 791 1087 et
806 1029 939 1108 pectora
954 1023 1085 1108 pugnis,

245 1127 309 1191 Per
324 1127 448 1194 medios
462 1126 540 1212 ruit,
558 1148 596 1192 ac
611 1126 803 1192 morientem
818 1126 949 1192 nomine
965 1127 1106 1193 clamat:
1430 1202 1432 1215 ,

244 1229 265 1261 “
278 1229 350 1296 Hoc
366 1231 461 1316 illud,
477 1235 640 1317 germana,
656 1230 752 1297 fuit?
777 1252 830 1295 me
844 1230 958 1296 fraude
974 1231 1134 1316 petebas?
1238 1229 1305 1299 675

244 1334 265 1367 “
279 1335 350 1400 Hoc
367 1357 461 1422 rogus
476 1335 539 1401 iste
555 1334 647 1420 milri,
664 1335 724 1401 boc
740 1333 832 1421 ignes
847 1357 984 1420 araeque
999 1336 1189 1422 parabant?
1436 1313 1437 1386 l

244 1441 366 1522 “Quid
380 1441 523 1527 primum
538 1441 666 1506 deserta
681 1441 823 1526 querar?
848 1439 1044 1506 comitemne
1060 1461 1200 1506 sororem

244 1546 265 1579 “
279 1546 438 1632 Sprevisti
452 1545 592 1612 moriens
606 1547 623 1613 Ρ
670 1545 798 1612 Eadem
814 1567 866 1610 me
882 1545 925 1610 ad
939 1545 1009 1610 fata
1023 1567 1189 1628 vocasses3

243 1651 264 1684 “
277 1651 373 1716 Ide'm
388 1651 501 1717 ambas
517 1651 599 1717 ferro
613 1651 703 1716 dolor
717 1658 819 1736 atque
832 1651 946 1716 eadem
961 1651 1040 1716 hora
1055 1651 1187 1717 tulisset
1203 1657 1211 1720 l

243 1755 264 1789 “
279 1755 341 1820 His
356 1756 457 1821 etiam
469 1755 576 1821 struxi
589 1755 753 1841 manibus,
770 1756 957 1842 patriosque
974 1757 1086 1822 vocavi
1238 1759 1305 1824 680

243 1859 263 1892 “
280 1859 369 1926 Voce
384 1845 470 1944 deos,
489 1859 533 1926 sie
550 1866 584 1925 te
599 1867 639 1926 ut
655 1860 774 1946 posita,
792 1861 942 1946 crudelis,
960 1861 1134 1928 abessem?

243 1964 263 1997 “
277 1965 451 2031 Exstinxti
465 1973 500 2030 te
516 1986 643 2051 meque,
660 1963 746 2032 soror
750 2017 759 2049 ,
776 1967 1002 2052 populumque
1018 1975 1196 2053 patresque

243 2070 265 2103 “
283 2069 428 2136 Sidonios
444 2070 623 2156 urbemque
639 2075 743 2136 tuam.
791 2069 889 2154 Dete,
907 2071 1041 2136 vulnera
1055 2071 1199 2156 lymphis

243 2175 263 2208 “
276 2175 434 2260 Abluam,
452 2181 496 2260 et,
514 2183 681 2242 extremus
697 2175 813 2261 siquis
830 2197 927 2262 super
941 2175 1065 2242 balitus
1081 2185 1178 2261 errat,

243 2281 263 2312 “
278 2280 343 2348 Ore
358 2281 496 2367 legam.'’
544 2281 597 2349 Sic
611 2281 681 2346 lata
696 2282 817 2367 gradus
833 2289 980 2348 evaserat
995 2283 1089 2366 altos,
1238 2284 1304 2350 685

243 2385 537 2471 semianimemque
554 2386 626 2452 sinu
641 2407 830 2472 germanam
846 2387 1000 2472 amplexa
1015 2386 1145 2452 fovebat

242 2491 328 2556 Cum
343 2490 481 2576 gemitu,
498 2497 599 2576 atque
615 2497 703 2558 atros
719 2491 862 2556 siccabat
878 2498 969 2556 veste
985 2512 1120 2558 cruores.
1227 2491 1234 2503 ’

242 2595 315 2678 Illa,
331 2615 444 2680 graves
460 2595 568 2660 oculos
584 2603 701 2660 conata
716 2596 876 2679 attollere,
894 2616 1003 2660 rursus
1100 2671 1107 2686 Ι

242 2699 362 2765 Deficit
375 2720 384 2782 3
408 2699 549 2764 infixum
564 2699 675 2766 stridit
690 2701 751 2766 sub
767 2708 896 2786 pectore
911 2699 1039 2767 vulnus.

242 2803 306 2868 Ter
320 2825 388 2870 sese
404 2805 558 2870 attollens
574 2804 749 2890 cubitoque
765 2804 887 2869 annixa
902 2803 1044 2887 levavit;
1237 2807 1302 2873 690

242 2908 307 2973 Ter
321 2908 468 2974 revoluta
483 2915 552 2974 toro
568 2917 628 2993 est,
647 2907 813 2995 oculisque
829 2909 1015 2987 errantibus
1027 2909 1096 2977 alto

242 3013 411 3095 Quaesivit
426 3013 514 3080 coelo
528 3013 646 3096 lucem,
664 3013 890 3100 ingemuitque
900 3013 1043 3100 reperta.

242 3119 330 3184 Tum
344 3119 368 3184 J
370 3141 434 3184 uno
450 3119 664 3204 omnipotens,
680 3119 817 3206 longum
833 3119 988 3184 miserata
1005 3119 1147 3186 dolorem

242 3223 463 3309 Difficilesque
479 3223 598 3308 obitus,
615 3223 696 3288 Irim
711 3223 844 3290 demisit
862 3222 1017 3310 Olympo,

242 3329 332 3410 Quae
347 3328 531 3400 luctantem
545 3327 690 3393 animam
704 3347 869 3414 nexosque
885 3329 1058 3394 resolveret
1074 3335 1175 3396 artus.
1238 3330 1300 3397 695

240 3433 329 3498 Nam
345 3433 422 3516 quia
437 3454 497 3498 nec
511 3432 581 3498 fato
596 3431 713 3498 merita
728 3453 787 3497 nee
802 3440 906 3498 morte
921 3431 1063 3518 peribat,

242 3538 306 3605 Sed
322 3537 439 3602 misera
454 3545 532 3602 ante
547 3537 634 3604 diem
649 3537 822 3622 subitoque
837 3557 973 3602 accensa
988 3537 1106 3622 furore,

240 3643 397 3708 Nondum
412 3642 463 3708 illi
476 3643 600 3707 flavum
616 3641 811 3728 Proserpina
826 3641 947 3707 vertice
964 3643 1086 3708 crinem

240 3749 444 3832 Abstulerat,
464 3747 640 3834 Stygioque
657 3754 759 3832 caput
774 3747 986 3812 damnaverat
1005 3746 1099 3814 Orco.

241 3854 327 3941 Ergo
342 3852 404 3919 Iris
419 3852 536 3919 croceis
551 3873 610 3938 per
624 3852 752 3917 coelum
766 3850 893 3918 roscida
908 3850 1037 3939 pennis,
1236 3849 1298 3920 '700
