2898 4518
243 309 308 376 114
601 326 771 376 sunnrnos
795 327 858 374 nm.
883 325 915 373 v.

243 487 405 573 Ducebat,
423 487 468 554 sic
484 509 559 553 acer
574 509 657 573 equo
672 487 810 552 turbata
825 485 945 572 petivit

242 592 370 676 Castra,
387 614 447 658 nec
462 593 626 658 exanimes
642 598 779 677 possunt
796 591 935 655 retinere
950 589 1107 675 magistri.

243 694 263 728 “
277 697 357 778 Quis
372 697 460 764 furor
474 697 535 762 iste
551 699 683 762 novus?
710 719 775 781 quo
791 717 888 779 nunc,
906 717 971 779 quo
986 695 1123 760 tenditis
1132 697 1152 724 ”
1168 695 1291 781 inquit,

242 798 354 866 “Heu
369 801 505 868 miserae
520 802 633 867 cives?
658 823 724 867 non
739 801 866 866 hostem
882 801 1078 884 inimicaque
1094 808 1204 865 castra
1240 797 1301 867 671

243 906 265 938 “
277 907 451 993 Argivum,
469 915 592 973 vestras
608 929 681 994 spes
696 907 800 973 uritis.
847 906 912 989 En,
929 927 988 991 ego
1003 912 1110 970 vester

243 1010 439 1077 “Ascanius
455 1020 461 1080 !
475 1016 495 1042 ''
541 1013 678 1078 Galeam
695 1021 772 1078 ante
790 1012 889 1098 pedes
904 1011 1039 1096 projecit
1054 1011 1198 1094 inanem,

243 1118 315 1198 Qua
331 1118 409 1184 ludo
423 1118 561 1184 indutus
577 1118 655 1184 belli
670 1118 843 1184 simulacra
858 1117 975 1182 ciebat.

241 1221 413 1288 Accelerat
429 1223 528 1288 simul
543 1222 685 1306 Aeneas,
703 1223 801 1288 simul
816 1222 947 1308 agmina
965 1221 1136 1286 Teucrdm.
1241 1219 1305 1285 075

242 1326 307 1392 Ast
322 1327 397 1392 illae
413 1328 538 1392 diverso
554 1334 648 1392 metu
663 1347 722 1413 per
736 1327 831 1392 litora
846 1327 967 1412 passim

243 1431 443 1518 Diffugiunt,
460 1432 632 1517 silvasque,
649 1439 683 1496 et
699 1431 803 1496 sicubi
818 1453 958 1496 concava
972 1430 1087 1494 furtim

244 1538 341 1622 Saxa,
359 1547 499 1623 petunt:
524 1537 615 1624 piget
631 1538 765 1622 incepti,
783 1537 930 1621 lucisque
945 1557 953 1618 ;
978 1557 1115 1620 suosque

243 1643 394 1708 Mutatae
411 1651 603 1728 agnoscunt,
620 1663 820 1727 excussaque
836 1649 965 1728 pectore
980 1642 1071 1707 duno
1087 1648 1150 1706 est.

244 1749 307 1815 Sed
323 1771 388 1813 non
404 1748 521 1814 idcirco
537 1748 688 1812 flammae
705 1756 805 1833 atque
821 1748 973 1813 incendia
988 1747 1071 1812 vires
1241 1747 1306 1812 680

243 1852 427 1918 Indomitos
444 1859 599 1939 posuere:
624 1853 689 1918 udo
705 1854 765 1918 sub
782 1853 891 1917 robore
909 1852 991 1917 vivit

244 1957 374 2042 Stuppa
388 1978 521 2022 vomens
538 1957 671 2022 tardum
685 1956 826 2041 fumum,
843 1957 1016 2040 lentusque
1031 1955 1158 2021 carinas

244 2061 306 2126 Est
322 2083 431 2147 vapor,
447 2069 481 2126 et
497 2069 567 2126 toto
583 2061 749 2126 deseendit
765 2082 894 2145 corpore
910 2059 1011 2145 pestis
1025 2080 1034 2141 ;

243 2167 314 2232 Nec
331 2167 414 2232 vires
429 2166 565 2230 heroum
579 2165 750 2250 infusaque
767 2164 905 2230 flumina
920 2172 1064 2250 prosunt.

133 2292 149 2318 ⁴
243 2271 331 2338 Tum
347 2272 421 2358 pius
437 2270 567 2336 Aeneas
576 2271 726 2336 bumeris
741 2271 928 2336 abscindere
944 2277 1078 2353 vestem,
1242 2271 1306 2336 685

242 2378 442 2462 Auxilioque
458 2397 570 2442 vocare
586 2378 672 2460 deos,
689 2383 723 2440 et
739 2376 871 2440 tendere
887 2375 1034 2462 palmas:

244 2483 414 2569 “Jupiter
429 2482 646 2567 omnipotens,
664 2481 692 2546 si
707 2481 854 2546 nondum
869 2502 984 2545 exosus
999 2480 1042 2544 ad
1057 2500 1160 2542 unum

243 2590 265 2623 “
279 2588 443 2673 Trojanos,
460 2587 487 2653 si
502 2587 582 2672 quid
596 2587 701 2674 pietas
717 2586 854 2672 antiqua
869 2586 993 2650 labores

244 2695 265 2728 “
279 2693 424 2780 Respicit
438 2693 609 2776 humanos,
627 2693 669 2758 da
684 2691 852 2756 flammam
867 2690 1002 2755 evadere
1018 2688 1114 2754 classi

244 2800 265 2833 “
278 2799 387 2884 Nunc,
404 2806 508 2884 pater,
527 2804 561 2862 et
578 2804 692 2862 tenues
709 2797 874 2862 Teucrum
889 2816 939 2860 res
954 2794 1039 2879 eripe
1055 2793 1122 2858 leto
1138 2815 1147 2875 ;
1242 2793 1307 2859 690

244 2904 344 2968 “Vel
359 2912 408 2987 tu,
426 2901 513 2987 quod
528 2908 686 2986 superest,
703 2900 823 2966 infesto
837 2899 975 2965 fulmine
990 2897 1101 2982 morti,

244 3008 314 3075 “Si
328 3029 459 3091 mereor,
477 3004 627 3090 demitte,
644 3013 767 3092 tuaque
783 3005 836 3070 hic
853 3005 951 3070 obrue
967 3005 1112 3070 dextra.”

244 3113 312 3178 Vix
327 3113 408 3177 haec
424 3111 577 3193 ediderat,
595 3131 698 3194 quum
713 3109 823 3175 effusis
838 3109 996 3174 imbribus
1011 3116 1083 3174 atra

135 3207 140 3218 '
245 3219 439 3303 Tempestas
454 3216 522 3284 sine
537 3235 624 3281 more
639 3215 730 3298 furit,
749 3214 938 3299 tonitruque
954 3214 1149 3279 tremiscunt

243 3323 361 3394 Ardua¹
375 3329 535 3386 terrarum
550 3326 585 3384 et
601 3319 710 3405 campi
719 3341 728 3401 ;
753 3319 819 3384 ruit
835 3319 964 3384 aethere
981 3326 1051 3383 toto
1244 3323 1308 3388 695

244 3425 411 3490 Turbidus
426 3423 530 3490 imber
544 3444 631 3508 equa
646 3422 818 3507 densisque
833 3421 1188 3508 nigerrimusAuatris,

244 3531 495 3617 Implenturque
512 3551 609 3616 super
624 3550 763 3615 puppes,
781 3528 939 3593 semiusta
954 3529 1151 3593 madescunt

244 3639 392 3719 Robora3
417 3635 597 3702 restinctus
613 3636 714 3700 donec
731 3655 832 3718 vapor
847 3633 962 3717 omnis,
979 3640 1014 3698 et
1030 3651 1155 3718 omnes,

246 3744 394 3824 Quatuor
408 3740 545 3824 emissis,
564 3747 710 3805 servatae
726 3761 746 3802 a
761 3746 852 3823 perte
868 3729 1005 3803 carinae.

311 3846 361 3912 At
377 3851 473 3930 pater
488 3843 628 3927 Aeneas,
644 3865 722 3908 casu
737 3864 912 3908 concussus
927 3843 1050 3925 acerbo,
1245 3840 1309 3910 700

247 3953 343 4020 Nunc
358 3950 423 4014 huc
439 3949 588 4032 ingentes
604 3969 690 4012 nuuc
706 3948 784 4013 illuc
801 3956 930 4034 pectore
946 3969 1039 4013 cures
