2838 4522
260 277 302 344 36
634 293 806 340 snuurnos
829 293 895 340 nra.
922 293 957 341 11.

259 452 427 519 “Arduus
442 460 585 519 armatos
600 452 716 518 mediis
731 452 766 517 in
782 451 950 519 moenibus
966 453 1102 516 adstans

264 557 284 589 “
299 557 426 622 Fundit
443 579 556 642 equus,
571 557 739 642 victorque
757 557 858 624 Sinon
872 555 1023 622 incendia
1037 552 1153 620 miscet

260 661 282 694 “
295 662 484 744 Insultans;
509 661 609 746 portis
626 661 684 726 alii
698 660 927 747 bipatentibus
942 660 1076 742 adsunt,
1259 658 1328 722 330

260 766 280 800 “
295 767 401 832 Millia
418 777 498 852 quot
516 767 642 854 magnis
658 786 816 852 umquam
831 786 946 836 venare
964 764 1110 850 Mycenis
1124 783 1134 846 ;

261 873 282 907 “
297 873 459 940 Obsederc
476 873 533 938 alii
548 873 622 938 telis
637 882 780 959 angusta
796 871 923 936 viarum

261 977 284 1012 “
298 977 469 1063 Oppositi;
495 984 564 1044 stat
579 977 655 1042 ferri
670 977 754 1044 acies
770 996 923 1041 mucrone
939 996 1069 1040 corusco

261 1083 283 1116 “
299 1083 434 1168 Stricta,
451 1088 566 1169 parata
581 1081 653 1148 neci
667 1103 676 1165 ;
700 1081 757 1146 vix
773 1081 871 1168 primi
886 1075 1007 1166 proelia
1023 1087 1157 1146 tentant

261 1187 470 1252 “Portarum
487 1187 610 1273 vigiles,
628 1195 662 1251 et
678 1207 772 1251 caeco
788 1186 895 1250 Marte
911 1181 1097 1252 resistunt.”
1259 1186 1325 1252 335

297 1293 434 1374 Talibus
453 1292 642 1377 Othryadae
659 1292 756 1358 dictis
772 1299 807 1357 et
823 1291 956 1356 numine
972 1291 1085 1357 divum
1209 1307 1212 1312 ·

261 1397 303 1462 In
318 1397 468 1461 flammas
484 1396 567 1461 etin
583 1418 673 1460 arma
688 1396 778 1480 feror,
796 1416 860 1479 quo
878 1395 982 1460 tristis
998 1394 1127 1478 Erinys,

262 1503 335 1584 Quo
350 1503 501 1568 fremitus
516 1509 611 1567 vocat
627 1510 661 1566 et
677 1501 826 1567 sublatus
842 1503 885 1566 ad
901 1501 1034 1566 aethera
1049 1501 1178 1569 clamor.

261 1607 403 1674 Addunt
420 1630 452 1673 se
469 1608 570 1673 socios
587 1607 734 1692 Rhipeus
749 1615 783 1672 et
799 1607 964 1673 maximus
979 1607 1077 1672 armis

262 1713 405 1798 Epytus,
424 1712 527 1778 oblati
541 1734 598 1798 per
613 1713 738 1796 lunam,
757 1711 973 1798 Hypanisque
990 1711 1191 1797 Dymasque,
1257 1711 1322 1778 340

260 1818 307 1896 Et
323 1817 418 1882 lateri
433 1817 656 1903 agglomerant
670 1824 792 1901 nostro,
805 1816 1000 1902 juvenisque
1017 1817 1179 1884 Coroebus

262 1921 556 2007 Mygdonides-illis
573 1923 615 1987 ad
632 1921 763 2007 Trojam
778 1921 861 1988 forte
876 1922 990 1988 diebus

261 2025 417 2110 Venerat,
434 2026 548 2091 insano
566 2025 766 2092 Cassandrae
781 2026 933 2091 incensus
949 2048 1067 2110 amore,

265 2132 312 2196 Et
328 2153 426 2218 gener
442 2131 603 2196 auxilium
620 2131 753 2198 Priamo
769 2131 1019 2218 Phrygibusque
1036 2133 1172 2218 ferebat,

261 2235 393 2321 Infelix,
411 2236 469 2320 qui
485 2259 550 2301 non
566 2245 701 2322 sponsae
716 2243 891 2322 praecepta
906 2237 1046 2303 furentis
1257 2237 1320 2306 345

262 2339 442 2407 Audierit.

262 2445 349 2525 Ques
365 2445 423 2510 ubi
439 2445 599 2510 confertos
615 2446 735 2510 audere
750 2446 786 2510 in
801 2446 921 2532 proelia
936 2447 1025 2530 vidi3

261 2550 388 2636 Incipio
405 2571 502 2635 super
516 2550 587 2616 his:
615 2549 636 2582 “
648 2551 672 2615 J
675 2573 805 2637 uvenes,
822 2553 1001 2618 fortissima
1016 2553 1136 2620 frustra

263 2653 284 2686 “
299 2655 448 2739 Pectora,
466 2654 494 2720 si
508 2655 600 2720 vobis
616 2656 794 2721 audentem
810 2665 957 2722 extrema
970 2659 1089 2744 cupido

262 2759 283 2791 “
298 2759 397 2825 Oerta
413 2759 604 2846 sequi-quae
621 2761 664 2826 ait
681 2761 777 2828 rebus
793 2763 935 2848 fortuna,
952 2764 1092 2830 videtis:
1255 2763 1317 2831 350

261 2864 473 2929 “Excessere
490 2887 602 2930 omnes
618 2866 726 2950 adytis
741 2867 870 2952 arisque
886 2867 1007 2932 relictis

261 2969 282 3004 “
298 2969 354 3054 Di,
372 2969 491 3054 quibus
505 2969 680 3055 imperium
695 2971 755 3036 hoc
772 2979 930 3054 steterat3
956 2971 1142 3038 succurritis
1158 2971 1234 3037 urbi

262 3073 283 3107 “
294 3074 490 3158 incensae-;
515 3073 692 3140 moriamur
708 3077 792 3140 etin
808 3077 916 3142 media
931 3099 1022 3142 arma
1038 3098 1180 3142 ruamus.

261 3178 376 3244 “Una
392 3181 480 3246 salus
494 3179 590 3245 victis
605 3181 731 3245 nullam
747 3201 875 3266 sperare
892 3181 1050 3248 salutem!

263 3284 316 3351 Sic
333 3285 451 3351 animis
463 3285 625 3371 juvenum
641 3285 727 3351 furor
742 3286 897 3353 additus:
923 3287 1008 3371 inde,
1027 3184 1174 3372 iddiceu
1259 3287 1321 3352 355

212 3409 214 3414 ·
261 3377 426 3473 Raptores'
439 3397 511 3454 atra
526 3390 562 3454 in
577 3389 708 3474 nebula,
727 3411 807 3475 quos
822 3390 969 3475 improba
985 3391 1107 3456 ventris
1163 3443 1165 3456 .
1271 3417 1274 3424 ⁴

265 3493 388 3578 Exegit
405 3515 515 3559 caecos
526 3496 645 3580 rabies,
664 3496 830 3580 catulique
846 3497 952 3562 relicti

261 3598 430 3664 Faucibus
447 3609 639 3685 exspectant
655 3601 758 3686 siccis,
776 3623 833 3686 per
848 3603 924 3687 tela,
942 3625 998 3689 per
1015 3604 1123 3668 hostes

266 3702 431 3769 Vadimus
446 3704 535 3769 haud
551 3705 685 3770 dubiam
700 3706 735 3770 in
751 3715 901 3792 mortem,
918 3708 1108 3792 mediaeque
1123 3714 1278 3772 tenemus

263 3808 363 3874 Urbis
378 3809 448 3876 iter.
495 3811 528 3874 N
529 3833 571 3884 ox
586 3819 660 3876 atra
675 3833 755 3876 aava
769 3812 981 3880 circumvolat
998 3813 1124 3880 umbra.
1256 3813 1321 3878 360

262 3913 342 3995 Quis
358 3913 486 3979 cladem
500 3914 590 3981 illius
607 3916 723 4002 noctis,
740 3917 816 4001 quis
831 3917 948 3984 funera
963 3918 1063 3985 fando
