2898 4518
236 305 300 376 176
577 325 747 372 enunrnes
771 327 836 373 nra.
861 326 935 373 vnr.

235 484 439 572 Excepitque
455 507 567 569 manu,
584 487 802 570 dextramque
818 487 990 572 amplexus
1005 485 1158 551 inhaesit.
1173 575 1177 584 1

235 591 399 676 Progressi
415 591 555 655 subeunt
572 592 655 674 luco,
672 591 874 676 fluviumque
886 591 1091 675 relinquunt.
1229 589 1295 656 125

235 695 322 760 Tum
337 717 445 781 regem
460 695 589 760 Aeneas
605 695 703 760 dictis
720 695 841 760 affatur
855 695 987 761 amicis:

236 799 257 831 “
270 799 403 885 Optime
420 799 654 885 Grajugenrlm,
671 800 725 864 cui
740 821 792 863 me
808 789 939 864 fortuna
955 799 1080 884 precari

178 925 182 934 ·
237 904 313 969 “Et
329 904 414 968 vitta
429 912 553 969 comtos
567 904 671 969 voluit
686 906 896 990 praetendere
913 925 1027 988 ramos,

236 1010 257 1042 “
271 1009 347 1074 Non
364 1010 515 1094 equidem
532 1008 680 1093 extimui,
699 1009 854 1072 Danaum
869 1009 956 1093 quod
973 1009 1088 1073 ductor
1103 1017 1136 1073 et
1152 1007 1267 1090 Areae,

237 1113 428 1198 “Quodque
443 1113 486 1177 ab
502 1112 601 1198 stirpe
617 1112 700 1178 fores
715 1111 852 1199 geminis
864 1111 1059 1198 conjunctus
1070 1111 1198 1176 Atridis
1210 1133 1219 1193 ;
1231 1111 1298 1174 130
1410 1147 1412 1152 -

237 1219 256 1250 “
272 1220 336 1286 Sed
352 1240 424 1283 mea
440 1240 493 1282 me
508 1218 612 1283 virtus
627 1225 661 1283 et
676 1225 791 1284 sancta
806 1219 935 1283 oracula
951 1219 1074 1302 divum,

237 1323 258 1356 “
273 1324 476 1411 Cognatique
493 1332 684 1409 patres,·tua
700 1324 791 1389 terris
808 1325 913 1389 didita
928 1324 1026 1407 fama,

129 1473 133 1480 -
238 1429 258 1462 “
271 1429 477 1514 Oonjunxere
493 1429 566 1510 tibi,
582 1437 616 1494 et
631 1429 711 1494 fatis
726 1451 817 1514 egere
832 1429 1004 1494 volentem.

237 1533 258 1564 “
273 1533 457 1616 Dardanus,
475 1533 594 1598 Iliacae
609 1534 734 1619 primus
750 1541 844 1619 pater
859 1534 949 1598 urbis
965 1541 1000 1598 et
1016 1541 1138 1617 auctor,

239 1638 261 1670 “
274 1639 417 1722 Electra,
434 1645 473 1702 nt
490 1637 582 1704 Graii
597 1638 779 1723 perhibent,
796 1637 969 1704 Atlantide
985 1646 1104 1722 cretus,
1232 1642 1299 1706 135

238 1744 258 1774 ‘³
271 1742 457 1808 Advchitur
473 1743 633 1825 Teuor0s3
658 1743 825 1808 Electram
840 1743 1004 1808 maximus
1019 1743 1118 1808 Atlas

238 1849 258 1880 “
272 1849 397 1940 Edidit,
414 1848 573 1914 aetherios
589 1849 723 1914 humero
739 1850 797 1934 qui
813 1851 954 1914 sustinet
970 1851 1071 1915 orbes.

237 1953 373 2019 “Vobis
390 1953 569 2018 Mercurius
584 1962 678 2039 pater
693 1963 754 2038 est,
772 1976 870 2039 quem
886 1955 1025 2020 candida
1042 1955 1131 2020 Maia

239 2059 424 2144 “Cyllenae
440 2059 545 2144 gelido
561 2068 754 2145 conceptum
771 2061 892 2125 vertice
907 2061 995 2125 fudit
1011 2082 1019 2142 3

238 2163 321 2229 “At
338 2165 471 2248 Maiam,
488 2165 609 2230 auditis
626 2165 653 2230 si
668 2166 848 2250 quidquam
863 2165 1035 2248 credimus,
1053 2165 1160 2249 Atlas,
1234 2167 1300 2231 140

239 2270 363 2334 “Idem
379 2269 477 2334 Atlas
493 2277 639 2355 generat,
654 2270 734 2334 coeli
749 2269 806 2354 qui
822 2269 925 2334 sidera
941 2270 1037 2336 tollit.

239 2374 259 2406 “
273 2375 325 2441 Sic
341 2396 444 2462 genus
459 2375 627 2440 amborum
644 2374 764 2440 scindit
780 2395 813 2440 se
829 2375 985 2460 sanguine
1001 2375 1044 2439 ab
1059 2396 1133 2440 uno.

238 2477 258 2510 ‘⁴
272 2478 334 2544 His
350 2479 461 2563 fretus,
478 2500 543 2544 non
557 2479 681 2564 legatos
697 2499 804 2564 neque
820 2479 925 2564 prime
940 2501 998 2565 per
1013 2487 1119 2544 artem

238 2582 259 2616 “
273 2583 494 2649 Tentamenta
510 2584 561 2649 tui
575 2584 686 2670 pepigi
699 2605 708 2666 ;
733 2605 796 2668 me,
814 2606 867 2648 me
882 2585 951 2670 ipse
966 2605 1143 2668 meumque

239 2688 259 2721 “
273 2688 386 2774 Objeci
401 2697 513 2774 caput,
530 2697 564 2754 et
581 2691 720 2775 supplex
735 2691 778 2754 ad
793 2690 908 2754 limina
924 2690 1006 2756 veni.
1235 2688 1300 2755 145

239 2793 259 2826 “
274 2794 363 2860 Gens
379 2796 504 2880 eadem,
521 2816 605 2880 quae
621 2803 665 2880 te,
683 2795 805 2860 crudeli
823 2795 955 2860 Daunia
969 2795 1054 2860 bello

239 2898 259 2931 “
271 2900 481 2985 Insequitur:
506 2922 564 2966 nos
581 2900 608 2966 si
623 2901 759 2986 pellant,
773 2901 857 2964 nihil
872 2900 957 2965 afore
973 2902 1119 2984 eredunt,

239 3003 259 3036 “
274 3004 361 3085 Quin
376 3026 505 3070 omnem
523 3005 717 3090 Hesperiam
733 3005 865 3090 penitus
881 3026 939 3070 sua
955 3006 1016 3070 sub
1028 3005 1108 3091 juga
1125 3005 1276 3088 mittant,

239 3110 320 3174 “Et
337 3131 435 3194 mare,
455 3112 541 3195 quod
558 3133 667 3196 supra,
684 3118 832 3194 teneant,
849 3111 1001 3196 quodque
1017 3111 1112 3175 alluit
1129 3110 1224 3177 infra.

239 3215 259 3248 “
272 3215 405 3301 Accipe,
423 3217 529 3300 daque
544 3215 652 3282 fidem.
701 3209 786 3282 Sunt
803 3215 895 3282 nobis
909 3214 1006 3292 fortia
1021 3215 1105 3279 bello
1237 3216 1301 3281 150

239 3321 260 3354 “
271 3321 420 3404 Pectora,
432 3309 516 3386 ¹sunt
535 3320 636 3385 animi
653 3328 688 3385 et
703 3321 799 3384 rebus
815 3326 965 3404 spectata
976 3318 1164 3404 juventus.”

240 3427 379 3491 Dixerat
395 3425 533 3492 Aeneas.
580 3425 642 3490 Ille
658 3447 693 3491 os
709 3425 881 3508 oculosque
897 3423 1063 3509 loquentis

239 3531 262 3596 J
264 3553 317 3595 am
333 3531 460 3596 dudum
476 3540 510 3608 et
526 3539 635 3596 totum
650 3531 814 3596 lustrabat
830 3530 953 3594 lumine
970 3549 1105 3615 corpus;

240 3635 328 3700 Tum
344 3637 389 3700 sic
406 3659 512 3722 pauca
529 3637 642 3703 refert:
669 3635 689 3668 “
701 3635 752 3702 Ut
768 3643 812 3719 te,
829 3635 1005 3701 fortissime
1023 3635 1200 3720 Teucrum,

241 3741 407 3832 “Accipio
422 3764 623 3827 agnoscoque
635 3741 738 3808 libens
754 3747 761 3808 t
788 3749 827 3805 ut
843 3741 939 3805 verbe
956 3741 1101 3826 parentis
1239 3743 1301 3808 155

242 3846 320 3911 “Et
335 3868 446 3912 vocem
462 3847 627 3912 Anchisae
642 3847 753 3932 magni
768 3847 964 3930 vultumque
981 3847 1143 3912 recordor!

243 3951 367 4016 “Nam
382 3951 518 4016 memini
533 3951 693 4016 Hesionae
709 3952 869 4026 visentem
885 3973 983 4036 regna
999 3950 1110 4016 rororis
