2944 4522
233 307 299 374 208
594 320 764 374 snunmos
786 321 851 370 ers.
875 319 921 368 1x.

235 483 379 568 Quisque
395 504 479 566 suas,
497 481 656 567 variisque
673 488 798 548 acuunt
813 479 995 546 rumoribus
1010 477 1083 544 iras.

236 589 323 670 Quin
338 588 409 674 ipsa
424 587 556 652 arrectis
565 587 659 652 -visu
674 586 856 651 miserabile
868 591 875 653 1
886 584 942 649 -in
957 584 1063 650 hastis
1228 583 1295 651 465

236 693 427 779 Praefigrmt
443 692 553 777 capita
567 699 601 756 et
616 692 723 756 multo
739 691 876 756 clamore
892 698 1074 775 sequuntur

236 797 372 883 Euryali
386 805 420 862 et
436 797 517 863 Nisi.

237 903 410 968 Aeneadae
425 901 501 966 duri
515 922 680 966 murorum
695 901 730 962 in
744 907 837 986 parte
854 899 985 966 sinistra

217 1029 221 1034 ·
238 1008 423 1093 Opposuere
438 1006 564 1072 eciem·
573 1027 652 1070 nam
667 1007 802 1072 dextera
817 1006 961 1092 cingitur
976 1004 1086 1070 amni-
1093 1055 1103 1091 ,

238 1111 456 1197 Ingentesque
471 1118 586 1176 tenent
600 1111 712 1196 fossas,
729 1121 764 1177 et
779 1112 924 1178 turribus
939 1111 1015 1177 altis
1230 1107 1299 1177 470

239 1219 338 1284 Stant
356 1216 494 1299 maesti;
519 1217 618 1282 simul
633 1239 687 1282 ora
701 1217 809 1282 virum
823 1217 968 1303 praefixa
983 1207 1170 1300 movebant,

213 1385 215 1388 .
239 1322 329 1388 Nota
344 1323 440 1387 nimis
456 1321 580 1388 miseris
595 1330 730 1407 atroque
745 1323 884 1388 fluentia
899 1325 985 1390 tabo.

308 1427 440 1491 Interea
454 1425 609 1512 pavidam
623 1426 764 1492 volitans
779 1435 924 1511 pennata
939 1448 998 1512 per
1012 1426 1129 1491 urbem

240 1531 368 1598 Nuntia
384 1531 490 1596 Fama
506 1531 583 1615 ruit,
601 1531 780 1616 matrisque
796 1533 952 1597 allabitur
968 1553 1063 1598 aures

228 1635 383 1720 'Euryali
430 1635 479 1700 At
495 1635 624 1702 subitus
639 1635 776 1701 miserae
792 1637 878 1701 calor
892 1658 964 1702 ossa
979 1636 1110 1722 reliquit
1124 1656 1133 1718 ;
1234 1632 1302 1702 475

241 1740 381 1805 Excussi
395 1739 546 1805 manibus
562 1739 645 1806 radii
660 1741 871 1825 revolutaque
887 1762 997 1826 pensa.

241 1845 361 1909 Evolat
376 1844 500 1928 infelix,
517 1851 551 1908 et
565 1843 704 1910 femineo
719 1844 860 1928 ululatu,

244 1949 351 2016 Scissa
366 1971 502 2033 comam,
519 1971 628 2014 muros
644 1970 755 2014 amens
771 1956 871 2034 atque
886 1949 1019 2035 agmina
1035 1971 1130 2014 cursu

244 2055 356 2122 Prima
370 2057 467 2142 petit,
484 2079 550 2138 non
564 2057 621 2120 illa
636 2056 752 2141 virum,
770 2079 835 2122 non
850 2057 909 2121 illa
924 2056 1036 2141 pericli

245 2160 462 2245 Telorumque
474 2180 613 2241 memor;
638 2160 763 2226 coelum
775 2161 892 2226 dehinc
906 2160 1073 2246 questibus
1084 2160 1203 2246 implet
1215 2180 1224 2226 :
1237 2157 1304 2224 480

246 2264 267 2298 “
278 2264 376 2330 Hunc
393 2287 452 2351 ego
467 2272 512 2349 te,
531 2265 683 2350 Euryale,
700 2265 871 2350 adspicio?
896 2273 977 2330 tune
993 2265 1049 2330 ille
1066 2272 1215 2330 senectae

246 2367 268 2401 “
284 2370 362 2435 Sera
378 2391 468 2434 meae
485 2369 619 2454 requies,
636 2369 776 2454 potuisti
790 2369 936 2454 linquere
952 2363 1055 2435 solam

248 2475 268 2508 “
282 2475 457 2541 Crudelis?
482 2496 542 2540 nec
558 2483 601 2558 te,
620 2474 680 2540 sub
696 2481 792 2540 tanta
807 2475 950 2559 pericula
966 2474 1113 2558 missum,

248 2578 268 2611 “
278 2578 384 2644 Affari
399 2587 583 2643 extremum
599 2579 734 2644 miserae
750 2579 830 2643 data
847 2579 938 2664 copia
954 2579 1080 2644 matri?

248 2685 269 2718 “
282 2684 369 2768 Heu,
386 2691 473 2747 terra
489 2682 603 2768 ignota
618 2683 752 2748 canibus
767 2684 844 2748 date
860 2685 981 2768 praeda
996 2683 1126 2749 Latinis
1238 2681 1306 2749 485

248 2790 268 2823 “
282 2789 492 2872 Alitibusque
504 2787 593 2872 jaces
604 2793 615 2876 1
638 2809 696 2853 000
713 2796 747 2854 te
763 2788 798 2852 in
815 2796 873 2852 tua
887 2789 1003 2853 funera
1018 2796 1123 2854 mater

248 2894 270 2927 “
281 2893 436 2976 Produxi,
454 2893 594 2978 pressive
609 2893 727 2978 oculos,
745 2900 804 2957 aut
820 2893 954 2958 vulnera
969 2893 1044 2977 lavi,

250 2997 386 3063 “Veste
402 3005 524 3082 tegens,
540 2997 602 3062 tibi
617 3017 718 3081 quam
733 3005 845 3062 noctes
860 2997 979 3062 festina
994 2997 1127 3081 diesque

250 3104 275 3138 “
289 3103 457 3189 Urgebam
472 3110 506 3167 et
522 3103 588 3166 tela
604 3123 697 3166 curas
713 3102 839 3167 solabar
854 3101 964 3168 aniles.

251 3211 356 3292 “Quo
373 3231 497 3295 sequar,
511 3217 570 3273 aut
587 3229 670 3293 quae
685 3230 772 3272 nunc
788 3215 880 3273 artus
895 3207 1073 3292 avulsaque
1087 3209 1233 3272 membra
1242 3207 1308 3275 490

251 3315 270 3347 ‘⁴
281 3315 328 3379 Et
344 3314 443 3379 funus
458 3315 603 3378 lacerum
618 3312 716 3378 tellus
731 3312 859 3378 babet?
907 3311 979 3376 Hoc
996 3311 1079 3376 mibi
1093 3312 1134 3376 de
1150 3319 1195 3394 te,

130 3479 137 3494 „
252 3419 272 3452 “
286 3419 385 3504 Nate,
403 3419 525 3484 refers?
550 3419 611 3483 boc
628 3439 701 3484 sum
716 3424 869 3502 terraque
886 3417 1032 3501 marique
1049 3420 1188 3482 secuta?

251 3524 395 3610 “Figite
410 3546 474 3607 me,
493 3525 519 3590 si
534 3546 601 3609 qua
617 3532 666 3589 est
682 3523 806 3608 pietas;
830 3523 864 3587 in
881 3545 934 3586 me
950 3523 1060 3588 omnia
1076 3522 1143 3586 tela

253 3629 274 3663 “
288 3629 456 3714 Ooujicite,
473 3651 492 3694 0
509 3629 647 3711 Rutuli;
671 3650 723 3693 me
739 3629 879 3714 primam
895 3627 1060 3692 absumite
1075 3627 1175 3709 ferr03

253 3736 273 3768 “
289 3737 362 3801 Aut
378 3743 428 3819 tu,
444 3757 561 3821 magne
576 3744 673 3821 pater
687 3735 811 3817 divum,
828 3733 986 3816 miserere,
1004 3741 1125 3818 tuoque
1245 3732 1311 3799 495

254 3838 275 3872 “
290 3838 439 3904 Invisum
454 3839 515 3904 hoc
531 3839 669 3904 detrude
685 3845 785 3924 caput
802 3838 862 3904 sub
879 3837 1020 3902 Tartara
1035 3839 1110 3920 telo,

255 3942 427 4025 “Quando
443 3943 536 4007 aliter
551 3964 676 4028 nequeo
692 3944 855 4009 crudelem
871 3943 1064 4027 abrumpere
1079 3942 1215 4010 vitam.”
