2944 4522
514 337 684 384 nnnnmos
707 338 772 386 nrn.
798 338 859 385 ΧΠ,
1150 318 1214 382 283

150 495 173 530 “
186 495 339 582 Accipio,
357 517 559 582 agnoscoque
575 497 659 563 deos.
707 496 773 581 Me,
790 519 842 562 me
858 498 941 563 duce
956 496 1080 562 ferrum
1148 497 1214 560 260

153 601 175 634 “
190 601 363 687 Compita,
381 623 399 666 o
415 601 534 683 miseri,
552 623 633 686 quos
648 602 816 688 improbus
832 603 958 667 advena
973 602 1059 667 bello

152 704 176 738 “
189 706 348 789 Territat,
365 705 526 770 invalidas
543 713 582 769 ut
597 727 684 790 aves,
702 714 735 771 et
750 707 847 772 litora
862 715 970 772 vestra

157 810 236 874 “Vi
252 811 408 895 populat3
433 817 526 894 petet
541 810 595 874 ille
610 810 734 896 fugam,
752 811 948 897 penitusque
965 812 1126 896 profundo

159 916 181 948 “
191 916 276 980 Vela
291 915 392 981 dabit.
440 914 508 980 Vos
523 915 673 980 unanimi
688 917 820 982 densete
836 924 992 1000 catervas,

159 1020 240 1085 “Et
256 1041 364 1106 regem
379 1019 471 1086 vobis
486 1041 598 1105 pugna
614 1019 780 1085 defendite
797 1023 961 1105 raptum.’'
1150 1023 1216 1088 265

158 1124 266 1208 Dixit,
284 1131 317 1188 et
333 1125 483 1189 adversos
499 1124 604 1188 telum
620 1123 776 1189 contorsit
791 1123 827 1187 in
842 1125 950 1190 hostes

158 1229 376 1294 Procurrens:
403 1228 547 1294 sonitum
563 1229 622 1293 dat
638 1229 777 1294 stridula
792 1249 920 1313 cornus,
938 1237 972 1294 et
987 1252 1084 1294 auras

159 1333 259 1400 Certa
274 1340 370 1400 secat.
420 1332 526 1399 Simul
541 1333 612 1417 hoc,
630 1332 728 1398 simul
742 1333 857 1420 ingens
873 1335 1001 1418 clamor,
1020 1343 1053 1399 et
1070 1356 1179 1400 omnes

159 1438 301 1504 Turbati
316 1436 421 1521 cunei,
439 1437 662 1523 calefactaque
679 1439 775 1502 corda
791 1439 949 1506 tumultu.

158 1543 267 1608 Hasta
282 1542 404 1620 volans,
421 1549 461 1606 ut
476 1542 559 1607 forte
575 1564 690 1608 novem
705 1543 924 1628 pulcherrima
939 1546 1078 1610 fratrum
1150 1542 1216 1613 270

160 1647 301 1733 Oorpora
317 1645 532 1712 constiterant
549 1655 670 1731 contra,
687 1669 767 1731 quos
782 1649 848 1714 fida
864 1658 987 1715 crearat
1116 1649 1117 1653 ’

159 1753 240 1819 Una
254 1761 305 1818 tot
322 1752 463 1817 Arcadio
479 1752 599 1838 conjux
616 1753 782 1838 Tyrrhena
799 1753 953 1841 Gylippo,

158 1859 286 1923 Horum
302 1879 408 1922 unum
424 1858 466 1922 ad
481 1858 637 1941 medium,
654 1858 856 1943 teriturque
872 1860 979 1925 sutilis
996 1861 1068 1926 alvo

160 1962 299 2028 Balteus
314 1968 349 2026 et
364 1961 507 2026 laterum
518 1960 691 2046 juncturas
706 1963 809 2026 fibula
824 1965 961 2048 mordet,

159 2067 340 2154 Egregium
354 2066 459 2132 forma
470 2066 625 2152 juvenem
641 2075 675 2132 et
690 2067 892 2153 fulgentibus
908 2069 1016 2152 ermis,
1150 2067 1217 2138 275

160 2170 370 2258 Transadigit
385 2178 501 2255 costas,
517 2170 672 2257 fulvaque
688 2171 828 2238 effundit
844 2185 950 2240 'arena

158 2277 208 2342 At
223 2276 350 2361 fratres,
368 2276 513 2342 animosa
527 2277 673 2362 phalanx
688 2299 886 2362 accensaque
902 2278 1007 2362 luctu,

159 2381 241 2446 Pars
256 2379 380 2465 gladios
396 2379 562 2466 stringunt
579 2381 741 2466 manibus,
759 2403 834 2466 pars
851 2382 973 2448 missile
988 2383 1108 2448 ferrum

160 2485 361 2571 Corripitur,
379 2486 530 2570 caecique
547 2493 656 2553 ruunt.
705 2487 792 2568 Quos
809 2487 943 2572 agmina
959 2496 1070 2554 eontra

160 2591 360 2655 Procurrunt
377 2589 604 2672 Laurentum;
629 2590 705 2655 hinc
721 2591 811 2656 densi
827 2613 937 2658 rursus
953 2592 1117 2658 inundent
1152 2593 1218 2658 280

161 2697 260 2762 Troes
275 2695 491 2782 Agyllinique
508 2702 541 2760 et
558 2695 656 2780 pictis
672 2695 818 2762 Arcades
834 2697 939 2764 armis.

162 2801 215 2868 Sic
231 2822 341 2866 omnes
356 2821 447 2866 arnor
460 2821 546 2864 unus
561 2800 660 2865 habet
675 2802 843 2868 decernere
859 2801 949 2870 ferro.

161 2905 331 2990 Diripuere
347 2925 438 2986 aras;
463 2903 492 2968 it
508 2911 578 2969 toto
593 2903 727 2970 turbida
739 2905 830 2984 ‚coelo

161 3010 353 3096 Tempestas
369 3011 517 3093 telorum,
535 3031 573 3075 ac
589 3009 709 3075 ferreus
724 3010 850 3096 ingruit
865 3009 979 3095 imber,

161 3116 376 3200 Oraterasque
391 3115 541 3200 focosque
557 3115 677 3182 ferunt.
724 3115 829 3202 Fugit
844 3115 915 3201 ipse
931 3115 1083 3200 Latinus,
1153 3117 1219 3184 285

160 3221 315 3288 Pulsatos
330 3221 469 3286 referens
486 3219 607 3286 infecto
616 3220 747 3292 ,foedere
762 3220 863 3287 divos.

160 3326 331 3392 Infrenant
347 3325 403 3390 alii
418 3345 539 3409 currus,
557 3331 616 3390 aut
632 3345 763 3410 corpora
778 3325 867 3390 saltu
949 3397 952 3402 ¹

162 3431 348 3514 Subjiciunt
362 3431 397 3495 in
412 3453 521 3516 equos,
539 3437 573 3495 et
590 3430 714 3496 strictis
729 3430 859 3496 ensibus
875 3429 1004 3496 adsunt.

161 3535 333 3622 Messapus
349 3557 457 3622 regem
473 3536 620 3622 regisque
635 3535 760 3622 insigne
776 3541 945 3621 gerentem

161 3640 368 3725 Tyrrhenum
383 3641 554 3725 Aulesten‚
572 3641 687 3706 avidus
702 3639 900 3706 confundere
916 3638 1041 3724 foedus,
1146 3639 1222 3728 ι290

159 3746 309 3812 Adverso
324 3754 481 3833 proterret
497 3768 589 3832 equo.
637 3745 720 3811 Ruit
735 3745 790 3810 ille
805 3745 970 3831 recedens,

160 3852 207 3918 Et
223 3851 323 3918 miser
337 3852 495 3937 oppositis
510 3875 530 3916 a
546 3859 638 3938 tergo
654 3851 832 3917 involvitur
847 3850 911 3917 aris

161 3957 203 4023 In
220 3963 324 4044 caput
339 3956 441 4042 inque
456 3957 608 4024 humeros
625 3977 633 4040 ;
658 3964 694 4022 at
708 3955 849 4022 fervidus
865 3957 1000 4024 advolat
1016 3956 1112 4022 hasta
