2944 4522
530 344 701 394 AENEIDOS
724 347 789 395 LIB.
814 347 860 394 XI.

173 503 194 539 “
205 504 381 572 Materies:
405 504 472 592 ipsi
487 525 728 591 numerumque
744 507 943 591 modumque
959 505 1077 572 carinis

174 610 195 642 “
206 611 425 698 Praecipiunt,
441 633 500 676 uos
516 633 601 695 aera,
620 633 746 696 manus,
763 613 893 678 navalia
908 585 1033 679 demus.

175 714 195 746 “
209 715 390 799 Praeterea,
407 715 465 800 qui
480 715 569 782 dicta
583 717 690 781 ferant
707 725 741 781 et
755 711 883 782 foedera
898 718 1041 802 firment,

175 818 197 850 “
212 819 353 884 Centum
369 829 510 884 oratores
525 821 631 904 prima
646 822 686 886 de
703 829 799 907 gente
816 822 954 886 Latinos

176 923 260 988 “Ire
277 925 395 1010 placet,
413 926 566 1011 pacisque
582 948 683 992 manu
699 927 914 1012 praetendere
932 950 1047 1013 ramos,

175 1028 347 1094 “Munera
361 1038 529 1115 portantes
545 1032 680 1116 aurique
696 1031 867 1116 eborisque
883 1033 1011 1098 talenta

175 1135 195 1165 “
209 1135 254 1198 Et
270 1136 383 1200 sellam
399 1137 490 1222 regui
505 1138 716 1222 trabeamque
731 1137 872 1224 iusignia
887 1137 999 1203 nostri.

176 1239 375 1306 “Consulite
391 1241 426 1306 in
441 1242 587 1308 medium
603 1250 636 1308 et
652 1245 747 1309 rebus
764 1245 941 1309 succurrite
956 1245 1047 1309 fessis
1060 1249 1068 1312 1
1081 1245 1100 1274 ''

175 1345 261 1408 Tum
279 1346 432 1430 Drances,
449 1347 537 1412 idem
552 1348 707 1432 infensus,
725 1370 825 1433 quem
841 1349 942 1434 gloria
960 1349 1066 1413 Turni

176 1450 319 1536 Obliqua
331 1453 453 1517 invidia
468 1454 674 1540 stimulisque
692 1455 842 1540 agitabat
858 1456 988 1537 amaris,

173 1554 299 1640 Largus
315 1577 415 1641 opum
430 1566 463 1622 ct
479 1559 592 1644 lingua
607 1559 728 1643 melior,
747 1561 802 1624 sed
817 1559 934 1646 frigida
949 1559 1035 1624 bello

174 1661 329 1746 Dextera,
347 1662 488 1727 consiliis
504 1663 636 1728 habitus
651 1685 716 1727 non
731 1663 838 1729 futilis
854 1672 976 1748 auctor,

159 1766 339 1832 ·Seditioue
354 1775 470 1852 potens
480 1789 517 1834 -:
542 1789 646 1853 genus
660 1767 738 1832 huic
755 1776 903 1833 materna
919 1769 1099 1854 superbum

173 1870 335 1936 Nobilitas
351 1873 463 1956 dabat,
480 1873 641 1938 incertum
656 1874 697 1939 de
715 1882 806 1959 patre
823 1874 947 1938 ferebat
958 1912 992 1957 -,

175 1976 287 2060 Surgit
304 1977 404 2041 ethis
420 1985 530 2042 onerat
545 1978 642 2043 dictis
657 1987 756 2062 atque
773 1984 909 2064 aggerat
925 1977 1012 2043 iras:

175 2080 196 2112 “
207 2080 291 2144 Rem
306 2081 389 2146 nulli
404 2083 572 2147 obscuram
589 2091 717 2148 nostrae
732 2105 791 2147 nec
807 2082 895 2147 vocis
912 2089 1062 2167 egentem

175 2185 197 2218 “
211 2184 370 2271 Consulis,
388 2209 406 2252 o
421 2187 503 2252 bone
519 2209 584 2254 rex.
634 2188 756 2254 Cuncti
772 2209 805 2253 se
822 2188 900 2252 scire
916 2187 1076 2271 fatentur,

175 2291 295 2372 “Quid
310 2292 442 2357 fortuna
457 2293 540 2358 ferat
556 2294 689 2380 populi;
714 2294 770 2360 sed
785 2293 891 2357 dicere
907 2297 1066 2356 mussant.
1169 2290 1235 2357 345

174 2397 195 2428 “
208 2396 276 2460 Det
290 2397 478 2462 libertatem
492 2398 584 2463 fandi
598 2398 763 2483 flatusque
781 2397 943 2480 remittat,

175 2501 313 2587 “Cujus
329 2503 369 2568 ob
386 2503 569 2588 auspicium
584 2501 766 2569 infaustum
782 2523 951 2587 moresque
968 2500 1135 2568 sinistros-

176 2607 196 2640 “
215 2608 333 2672 Dicam
349 2608 509 2693 equidem,
526 2608 605 2673 licet
620 2631 712 2673 arma
728 2607 811 2672 mihi
827 2616 1031 2692 mortemque
1047 2605 1212 2671 minetur-

176 2711 198 2746 “
210 2713 352 2779 Lumina
367 2721 420 2779 tot
436 2714 590 2779 cecidisse
607 2715 740 2798 ducum,
757 2719 927 2798 totamque
943 2713 1092 2778 videmus

176 2817 197 2849 “
211 2818 398 2884 Consedisse
413 2819 527 2884 urbem
542 2819 649 2903 lucta,
666 2819 746 2883 dum
763 2818 862 2883 Troia
878 2825 988 2883 tentat
1169 2815 1233 2882 350

176 2924 198 2956 “
211 2925 338 3008 Castra,
354 2923 452 3011 fugae
467 2925 580 3007 fidens,
598 2933 632 2989 et
648 2924 775 2989 coelum
791 2924 920 2989 territat
937 2919 1044 2988 armis.

176 3032 197 3064 “
211 3031 328 3097 Unum
340 3032 440 3097 etiam
455 3031 548 3096 donis
563 3031 644 3115 istis,
662 3053 746 3116 quae
761 3029 904 3116 plurima
920 3027 1012 3092 mitti

176 3136 406 3202 “Dardanidis
422 3135 551 3220 dicique
563 3134 669 3218 jubes,
685 3156 802 3219 unum,
819 3133 943 3218 optime
960 3152 1084 3216 regum,

175 3240 197 3274 “
209 3240 364 3326 Adjicias,
382 3263 441 3305 nec
457 3247 491 3304 te
507 3240 609 3306 ullius
626 3239 780 3304 violentia
796 3238 920 3320 vincat,

174 3345 297 3427 “Quin
311 3352 425 3410 natam
441 3345 567 3430 egregio
583 3365 697 3430 genero
712 3343 885 3430 dignisque
901 3339 1090 3425 hymenaeis
1167 3339 1233 3406 355

174 3451 276 3515 “Des
291 3457 395 3535 pater,
412 3458 446 3514 et
462 3471 577 3535 pacem
591 3451 677 3515 hane
690 3456 822 3514 aeterno
838 3447 964 3512 foedere
979 3444 1097 3511 firmes.

173 3556 303 3636 “Quod
319 3555 347 3620 si
363 3563 477 3620 tantus
493 3555 594 3620 habet
610 3562 737 3619 mentes
754 3561 788 3617 et
803 3557 936 3636 pectora
952 3558 1062 3635 terror,

174 3659 194 3692 “
208 3660 325 3744 Ipsum
340 3660 553 3742 obtestemur,
570 3658 763 3741 veniamque
780 3677 906 3722 oremus
922 3655 963 3720 ab
980 3653 1062 3739 ipsc,

173 3765 195 3798 “
210 3765 325 3847 Cedat,
338 3763 394 3848 jus
409 3764 576 3850 proprium
592 3763 662 3848 regi
677 3761 867 3847 patriaeque
883 3759 1042 3824 remittat.

172 3869 296 3951 “Quid
311 3868 444 3933 miseros
460 3869 558 3934 toties
574 3867 609 3932 in
625 3875 738 3953 aperta
754 3866 898 3952 pericula
915 3865 1001 3930 cives
1167 3861 1233 3926 360

172 3973 194 4008 “
208 3973 355 4058 Projicis,
373 3993 392 4037 o
407 3971 501 4039 Latio
516 3979 617 4057 caput
634 3973 747 4038 horum
764 3977 798 4036 et
813 3992 912 4036 causa
929 3968 1090 4056 malorum
1106 3967 1123 4032 Ρ
