<?xml version="1.0" encoding="UTF-8"?>
<!DOCTYPE html PUBLIC "-//W3C//DTD XHTML 1.0 Transitional//EN"
    "http://www.w3.org/TR/xhtml1/DTD/xhtml1-transitional.dtd">
<html xmlns="http://www.w3.org/1999/xhtml" xml:lang="en" lang="en">
 <head>
  <title>
</title>
<meta http-equiv="Content-Type" content="text/html;charset=utf-8" />
  <meta name='ocr-system' content='tesseract 3.04.00' />
  <meta name='ocr-capabilities' content='ocr_page ocr_carea ocr_par ocr_line ocrx_word'/>
</head>
<body>
  <div class='ocr_page' id='page_1' title='image "./virgilsaeneidwi00virggoog_0276.png"; bbox 0 0 2944 4522; ppageno 0'>
   <div class='ocr_carea' id='block_1_1' title="bbox 228 281 926 351">
    <p class='ocr_par' dir='ltr' id='par_1_1' title="bbox 228 281 926 351">
     <span class='ocr_line' id='line_1_1' title="bbox 228 281 926 351; baseline -0.007 -2"><span class='ocrx_word' id='word_1_1' title='bbox 228 281 295 351; x_wconf 75' lang='lat'>252</span> <span class='ocrx_word' id='word_1_2' title='bbox 594 298 765 345; x_wconf 75' lang='lat' dir='ltr'>murrone</span> <span class='ocrx_word' id='word_1_3' title='bbox 788 299 853 346; x_wconf 80' lang='lat' dir='ltr'>ura.</span> <span class='ocrx_word' id='word_1_4' title='bbox 879 297 926 344; x_wconf 88' lang='lat' dir='ltr'>xr.</span> 
     </span>
    </p>
   </div>
   <div class='ocr_carea' id='block_1_2' title="bbox 194 455 1295 4014">
    <p class='ocr_par' dir='ltr' id='par_1_2' title="bbox 194 455 1295 2962">
     <span class='ocr_line' id='line_1_2' title="bbox 230 455 1203 546; baseline -0.004 -20"><span class='ocrx_word' id='word_1_5' title='bbox 230 459 355 526; x_wconf 88' lang='lat' dir='ltr'>“Vota</span> <span class='ocrx_word' id='word_1_6' title='bbox 370 479 544 546; x_wconf 80' lang='lat' dir='ltr'>precesque</span> <span class='ocrx_word' id='word_1_7' title='bbox 559 479 662 542; x_wconf 87' lang='lat' dir='ltr'>meae,</span> <span class='ocrx_word' id='word_1_8' title='bbox 679 465 794 542; x_wconf 87' lang='lat' dir='ltr'>tuque,</span> <span class='ocrx_word' id='word_1_9' title='bbox 812 479 830 522; x_wconf 94' lang='grc' dir='ltr'>ο</span> <span class='ocrx_word' id='word_1_10' title='bbox 846 455 1053 522; x_wconf 87' lang='lat' dir='ltr'>sanctissima</span> <span class='ocrx_word' id='word_1_11' title='bbox 1069 455 1203 542; x_wconf 89' lang='lat' dir='ltr'>conjux,</span> 
     </span>
     <span class='ocr_line' id='line_1_3' title="bbox 229 563 1167 648; baseline 0.002 -20"><span class='ocrx_word' id='word_1_12' title='bbox 229 563 360 630; x_wconf 80' lang='lat' dir='ltr'>“Felix</span> <span class='ocrx_word' id='word_1_13' title='bbox 375 571 481 629; x_wconf 89' lang='lat' dir='ltr'>morte</span> <span class='ocrx_word' id='word_1_14' title='bbox 496 571 566 648; x_wconf 88' lang='lat' dir='ltr'>tua,</span> <span class='ocrx_word' id='word_1_15' title='bbox 584 584 688 648; x_wconf 89' lang='lat' dir='ltr'>neque</span> <span class='ocrx_word' id='word_1_16' title='bbox 704 563 739 628; x_wconf 93' lang='lat' dir='ltr'>in</span> <span class='ocrx_word' id='word_1_17' title='bbox 753 563 841 626; x_wconf 91' lang='lat' dir='ltr'>hunc</span> <span class='ocrx_word' id='word_1_18' title='bbox 859 570 986 628; x_wconf 86' lang='lat' dir='ltr'>servata</span> <span class='ocrx_word' id='word_1_19' title='bbox 1002 563 1143 628; x_wconf 91' lang='lat' dir='ltr'>dolorem</span> <span class='ocrx_word' id='word_1_20' title='bbox 1160 567 1167 630; x_wconf 82' lang='lat' dir='ltr'>l</span> 
     </span>
     <span class='ocr_line' id='line_1_4' title="bbox 229 668 1295 756; baseline -0.005 -20"><span class='ocrx_word' id='word_1_21' title='bbox 229 669 386 736; x_wconf 80' lang='lat' dir='ltr'>“Contra</span> <span class='ocrx_word' id='word_1_22' title='bbox 402 691 460 756; x_wconf 91' lang='lat' dir='ltr'>ego</span> <span class='ocrx_word' id='word_1_23' title='bbox 475 670 612 734; x_wconf 84' lang='lat' dir='ltr'>vivendo</span> <span class='ocrx_word' id='word_1_24' title='bbox 627 668 691 733; x_wconf 85' lang='lat' dir='ltr'>vici</span> <span class='ocrx_word' id='word_1_25' title='bbox 706 689 780 733; x_wconf 89' lang='lat' dir='ltr'>mea</span> <span class='ocrx_word' id='word_1_26' title='bbox 794 669 876 751; x_wconf 85' lang='lat' dir='ltr'>fata,</span> <span class='ocrx_word' id='word_1_27' title='bbox 894 676 1058 753; x_wconf 88' lang='lat' dir='ltr'>superstes</span> <span class='ocrx_word' id='word_1_28' title='bbox 1228 668 1295 734; x_wconf 91' lang='grc'>160</span> 
     </span>
     <span class='ocr_line' id='line_1_5' title="bbox 230 772 1190 866; baseline -0.003 -26"><span class='ocrx_word' id='word_1_29' title='bbox 230 773 251 808; x_wconf 84' lang='grc'><strong>“</strong></span> <span class='ocrx_word' id='word_1_30' title='bbox 262 775 435 840; x_wconf 87' lang='lat' dir='ltr'>Restarem</span> <span class='ocrx_word' id='word_1_31' title='bbox 450 781 489 839; x_wconf 93' lang='lat' dir='ltr'>ut</span> <span class='ocrx_word' id='word_1_32' title='bbox 506 774 640 859; x_wconf 89' lang='lat' dir='ltr'>genitor.</span> <span class='ocrx_word' id='word_1_33' title='bbox 688 773 813 866; x_wconf 82' lang='lat' dir='ltr'>Trqum</span> <span class='ocrx_word' id='word_1_34' title='bbox 828 772 914 838; x_wconf 89' lang='lat' dir='ltr'>socia</span> <span class='ocrx_word' id='word_1_35' title='bbox 930 794 1021 837; x_wconf 88' lang='lat' dir='ltr'>arma</span> <span class='ocrx_word' id='word_1_36' title='bbox 1038 780 1190 837; x_wconf 90' lang='lat' dir='ltr'>secutum</span> 
     </span>
     <span class='ocr_line' id='line_1_6' title="bbox 230 877 1143 963; baseline -0.004 -17"><span class='ocrx_word' id='word_1_37' title='bbox 230 880 252 914; x_wconf 86' lang='lat'><strong><em>“</em></strong></span> <span class='ocrx_word' id='word_1_38' title='bbox 266 881 449 946; x_wconf 90' lang='lat' dir='ltr'>Obruerent</span> <span class='ocrx_word' id='word_1_39' title='bbox 466 879 586 944; x_wconf 79' lang='lat' dir='ltr'><strong>Rutuli</strong></span> <span class='ocrx_word' id='word_1_40' title='bbox 601 879 698 960; x_wconf 89' lang='lat' dir='ltr'>telis;</span> <span class='ocrx_word' id='word_1_41' title='bbox 723 879 869 942; x_wconf 88' lang='lat' dir='ltr'>animam</span> <span class='ocrx_word' id='word_1_42' title='bbox 885 877 955 963; x_wconf 85' lang='lat' dir='ltr'>ipse</span> <span class='ocrx_word' id='word_1_43' title='bbox 970 878 1143 963; x_wconf 84' lang='lat' dir='ltr'>dedissem,</span> 
     </span>
     <span class='ocr_line' id='line_1_7' title="bbox 196 983 1277 1080; baseline 0 -30"><span class='ocrx_word' id='word_1_44' title='bbox 196 1071 205 1080; x_wconf 83' lang='lat'><em>.</em></span> <span class='ocrx_word' id='word_1_45' title='bbox 230 985 376 1070; x_wconf 89' lang='lat' dir='ltr'>“Atque</span> <span class='ocrx_word' id='word_1_46' title='bbox 391 985 470 1050; x_wconf 89' lang='lat' dir='ltr'>haec</span> <span class='ocrx_word' id='word_1_47' title='bbox 486 1005 609 1070; x_wconf 91' lang='lat' dir='ltr'>pompa</span> <span class='ocrx_word' id='word_1_48' title='bbox 624 985 759 1049; x_wconf 91' lang='lat' dir='ltr'>domum</span> <span class='ocrx_word' id='word_1_49' title='bbox 775 1004 838 1067; x_wconf 88' lang='lat' dir='ltr'>me,</span> <span class='ocrx_word' id='word_1_50' title='bbox 857 1005 922 1048; x_wconf 91' lang='lat' dir='ltr'>non</span> <span class='ocrx_word' id='word_1_51' title='bbox 939 983 1104 1068; x_wconf 89' lang='lat' dir='ltr'>Pallanta,</span> <span class='ocrx_word' id='word_1_52' title='bbox 1122 983 1254 1049; x_wconf 86' lang='lat' dir='ltr'>referret</span> <span class='ocrx_word' id='word_1_53' title='bbox 1269 989 1277 1052; x_wconf 82' lang='lat'>1</span> 
     </span>
     <span class='ocr_line' id='line_1_8' title="bbox 230 1087 1145 1173; baseline -0.001 -20"><span class='ocrx_word' id='word_1_54' title='bbox 230 1088 250 1121; x_wconf 89' lang='lat'><strong>“</strong></span> <span class='ocrx_word' id='word_1_55' title='bbox 263 1088 333 1153; x_wconf 89' lang='lat' dir='ltr'>Nec</span> <span class='ocrx_word' id='word_1_56' title='bbox 349 1109 405 1153; x_wconf 86' lang='lat' dir='ltr'>vos</span> <span class='ocrx_word' id='word_1_57' title='bbox 421 1087 592 1173; x_wconf 85' lang='lat' dir='ltr'>arguerim,</span> <span class='ocrx_word' id='word_1_58' title='bbox 611 1087 740 1168; x_wconf 77' lang='lat' dir='ltr'>Teucri,</span> <span class='ocrx_word' id='word_1_59' title='bbox 757 1109 817 1153; x_wconf 90' lang='lat' dir='ltr'>nec</span> <span class='ocrx_word' id='word_1_60' title='bbox 832 1087 971 1172; x_wconf 84' lang='lat' dir='ltr'>foedera,</span> <span class='ocrx_word' id='word_1_61' title='bbox 988 1108 1047 1152; x_wconf 90' lang='lat' dir='ltr'>neo</span> <span class='ocrx_word' id='word_1_62' title='bbox 1064 1109 1145 1172; x_wconf 89' lang='lat' dir='ltr'>quas</span> 
     </span>
     <span class='ocr_line' id='line_1_9' title="bbox 230 1192 1294 1280; baseline 0.002 -22"><span class='ocrx_word' id='word_1_63' title='bbox 230 1192 251 1225; x_wconf 90' lang='lat'><strong><em>“</em></strong></span> <span class='ocrx_word' id='word_1_64' title='bbox 263 1194 287 1259; x_wconf 87' lang='lat' dir='ltr'>J</span> <span class='ocrx_word' id='word_1_65' title='bbox 290 1194 445 1259; x_wconf 89' lang='lat' dir='ltr'>unximus</span> <span class='ocrx_word' id='word_1_66' title='bbox 460 1193 601 1280; x_wconf 88' lang='lat' dir='ltr'>hospitio</span> <span class='ocrx_word' id='word_1_67' title='bbox 617 1195 769 1260; x_wconf 89' lang='lat' dir='ltr'>dextras:</span> <span class='ocrx_word' id='word_1_68' title='bbox 796 1215 861 1258; x_wconf 89' lang='lat' dir='ltr'>sors</span> <span class='ocrx_word' id='word_1_69' title='bbox 876 1192 942 1257; x_wconf 88' lang='lat' dir='ltr'>ista</span> <span class='ocrx_word' id='word_1_70' title='bbox 958 1200 1107 1258; x_wconf 82' lang='lat' dir='ltr'>senectae</span> <span class='ocrx_word' id='word_1_71' title='bbox 1228 1195 1294 1260; x_wconf 88' lang='grc'>165</span> 
     </span>
     <span class='ocr_line' id='line_1_10' title="bbox 230 1297 1181 1380; baseline 0.001 -17"><span class='ocrx_word' id='word_1_72' title='bbox 230 1297 251 1330; x_wconf 87' lang='grc'><strong>“</strong></span> <span class='ocrx_word' id='word_1_73' title='bbox 267 1298 389 1364; x_wconf 87' lang='lat' dir='ltr'>Debita</span> <span class='ocrx_word' id='word_1_74' title='bbox 404 1307 474 1364; x_wconf 92' lang='lat' dir='ltr'>erat</span> <span class='ocrx_word' id='word_1_75' title='bbox 490 1307 628 1366; x_wconf 89' lang='lat' dir='ltr'>nostrae.</span> <span class='ocrx_word' id='word_1_76' title='bbox 676 1299 770 1380; x_wconf 79' lang='lat' dir='ltr'>Quod</span> <span class='ocrx_word' id='word_1_77' title='bbox 787 1297 814 1364; x_wconf 89' lang='lat' dir='ltr'>si</span> <span class='ocrx_word' id='word_1_78' title='bbox 831 1298 1010 1363; x_wconf 89' lang='lat' dir='ltr'>immatura</span> <span class='ocrx_word' id='word_1_79' title='bbox 1026 1299 1181 1364; x_wconf 92' lang='lat' dir='ltr'>manebat</span> 
     </span>
     <span class='ocr_line' id='line_1_11' title="bbox 231 1403 1135 1491; baseline -0.001 -22"><span class='ocrx_word' id='word_1_80' title='bbox 231 1403 252 1436; x_wconf 91' lang='lat'><strong>“</strong></span> <span class='ocrx_word' id='word_1_81' title='bbox 266 1404 354 1470; x_wconf 89' lang='lat' dir='ltr'>Mors</span> <span class='ocrx_word' id='word_1_82' title='bbox 369 1413 510 1491; x_wconf 90' lang='lat' dir='ltr'>gnatum</span> <span class='ocrx_word' id='word_1_83' title='bbox 523 1426 532 1487; x_wconf 92' lang='lat'>;</span> <span class='ocrx_word' id='word_1_84' title='bbox 557 1405 659 1470; x_wconf 91' lang='lat' dir='ltr'>caesis</span> <span class='ocrx_word' id='word_1_85' title='bbox 675 1404 869 1469; x_wconf 88' lang='lat' dir='ltr'>Volscorum</span> <span class='ocrx_word' id='word_1_86' title='bbox 884 1403 1031 1469; x_wconf 91' lang='lat' dir='ltr'>millibus</span> <span class='ocrx_word' id='word_1_87' title='bbox 1046 1412 1135 1488; x_wconf 91' lang='lat' dir='ltr'>ante,</span> 
     </span>
     <span class='ocr_line' id='line_1_12' title="bbox 231 1508 1151 1594; baseline 0.001 -20"><span class='ocrx_word' id='word_1_88' title='bbox 231 1509 253 1542; x_wconf 90' lang='lat'><strong>“</strong></span> <span class='ocrx_word' id='word_1_89' title='bbox 267 1511 457 1576; x_wconf 87' lang='lat' dir='ltr'>Ducentem</span> <span class='ocrx_word' id='word_1_90' title='bbox 472 1510 508 1574; x_wconf 94' lang='lat' dir='ltr'>in</span> <span class='ocrx_word' id='word_1_91' title='bbox 522 1509 660 1575; x_wconf 84' lang='lat' dir='ltr'>Latium</span> <span class='ocrx_word' id='word_1_92' title='bbox 676 1509 828 1592; x_wconf 79' lang='lat' dir='ltr'>Teucros,</span> <span class='ocrx_word' id='word_1_93' title='bbox 846 1509 999 1574; x_wconf 86' lang='lat' dir='ltr'>cecidisse</span> <span class='ocrx_word' id='word_1_94' title='bbox 1010 1508 1151 1594; x_wconf 88' lang='lat' dir='ltr'>juvaret.</span> 
     </span>
     <span class='ocr_line' id='line_1_13' title="bbox 231 1614 1030 1702; baseline -0.001 -22"><span class='ocrx_word' id='word_1_95' title='bbox 231 1615 352 1696; x_wconf 82' lang='lat' dir='ltr'>“Quin</span> <span class='ocrx_word' id='word_1_96' title='bbox 369 1637 428 1702; x_wconf 92' lang='lat' dir='ltr'>ego</span> <span class='ocrx_word' id='word_1_97' title='bbox 442 1638 507 1680; x_wconf 88' lang='lat' dir='ltr'>non</span> <span class='ocrx_word' id='word_1_98' title='bbox 523 1617 586 1680; x_wconf 92' lang='lat' dir='ltr'>alio</span> <span class='ocrx_word' id='word_1_99' title='bbox 601 1616 714 1702; x_wconf 86' lang='lat' dir='ltr'>digner</span> <span class='ocrx_word' id='word_1_100' title='bbox 730 1621 765 1679; x_wconf 91' lang='lat' dir='ltr'>te</span> <span class='ocrx_word' id='word_1_101' title='bbox 781 1614 905 1699; x_wconf 84' lang='lat' dir='ltr'>funere,</span> <span class='ocrx_word' id='word_1_102' title='bbox 924 1615 1030 1699; x_wconf 87' lang='lat' dir='ltr'>Palla,</span> 
     </span>
     <span class='ocr_line' id='line_1_14' title="bbox 231 1717 1294 1806; baseline 0 -21"><span class='ocrx_word' id='word_1_103' title='bbox 231 1720 252 1753; x_wconf 87' lang='lat'><strong>“</strong></span> <span class='ocrx_word' id='word_1_104' title='bbox 265 1721 373 1802; x_wconf 82' lang='lat' dir='ltr'>Quom</span> <span class='ocrx_word' id='word_1_105' title='bbox 383 1721 457 1806; x_wconf 88' lang='lat' dir='ltr'>pius</span> <span class='ocrx_word' id='word_1_106' title='bbox 467 1721 606 1806; x_wconf 87' lang='lat' dir='ltr'>Aeneas,</span> <span class='ocrx_word' id='word_1_107' title='bbox 618 1728 652 1786; x_wconf 94' lang='lat' dir='ltr'>et</span> <span class='ocrx_word' id='word_1_108' title='bbox 665 1741 765 1805; x_wconf 89' lang='lat' dir='ltr'>quarn</span> <span class='ocrx_word' id='word_1_109' title='bbox 778 1721 889 1806; x_wconf 89' lang='lat' dir='ltr'>magni</span> <span class='ocrx_word' id='word_1_110' title='bbox 903 1719 1058 1805; x_wconf 84' lang='lat' dir='ltr'>Phryges,</span> <span class='ocrx_word' id='word_1_111' title='bbox 1069 1727 1103 1784; x_wconf 95' lang='lat' dir='ltr'>et</span> <span class='ocrx_word' id='word_1_112' title='bbox 1115 1741 1216 1806; x_wconf 91' lang='lat' dir='ltr'>quam</span> <span class='ocrx_word' id='word_1_113' title='bbox 1229 1717 1294 1787; x_wconf 83' lang='grc'>170</span> 
     </span>
     <span class='ocr_line' id='line_1_15' title="bbox 232 1825 1143 1911; baseline 0.003 -20"><span class='ocrx_word' id='word_1_114' title='bbox 232 1825 487 1911; x_wconf 79' lang='lat' dir='ltr'>“Tyrrhenique</span> <span class='ocrx_word' id='word_1_115' title='bbox 503 1827 612 1911; x_wconf 85' lang='lat' dir='ltr'>duces,</span> <span class='ocrx_word' id='word_1_116' title='bbox 632 1827 836 1911; x_wconf 82' lang='lat' dir='ltr'>Tyrrhenum</span> <span class='ocrx_word' id='word_1_117' title='bbox 853 1827 1015 1892; x_wconf 90' lang='lat' dir='ltr'>exercitus</span> <span class='ocrx_word' id='word_1_118' title='bbox 1030 1827 1143 1894; x_wconf 88' lang='lat' dir='ltr'>omnis.</span> 
     </span>
     <span class='ocr_line' id='line_1_16' title="bbox 232 1930 1158 2017; baseline 0.003 -23"><span class='ocrx_word' id='word_1_119' title='bbox 232 1930 252 1962; x_wconf 89' lang='lat'><strong>“</strong></span> <span class='ocrx_word' id='word_1_120' title='bbox 266 1931 388 2017; x_wconf 88' lang='lat' dir='ltr'>Magna</span> <span class='ocrx_word' id='word_1_121' title='bbox 404 1939 536 2016; x_wconf 90' lang='lat' dir='ltr'>tropaea</span> <span class='ocrx_word' id='word_1_122' title='bbox 549 1931 670 2016; x_wconf 87' lang='lat' dir='ltr'>ferunt,</span> <span class='ocrx_word' id='word_1_123' title='bbox 688 1952 768 2016; x_wconf 89' lang='lat' dir='ltr'>quos</span> <span class='ocrx_word' id='word_1_124' title='bbox 783 1932 842 1995; x_wconf 92' lang='lat' dir='ltr'>dat</span> <span class='ocrx_word' id='word_1_125' title='bbox 859 1939 918 1996; x_wconf 90' lang='lat' dir='ltr'>tua</span> <span class='ocrx_word' id='word_1_126' title='bbox 933 1933 1067 1996; x_wconf 89' lang='lat' dir='ltr'>dextera</span> <span class='ocrx_word' id='word_1_127' title='bbox 1083 1933 1158 1998; x_wconf 79' lang='lat' dir='ltr'>leto,</span> 
     </span>
     <span class='ocr_line' id='line_1_17' title="bbox 232 2033 1187 2120; baseline 0.003 -22"><span class='ocrx_word' id='word_1_128' title='bbox 232 2033 253 2066; x_wconf 89' lang='lat'><strong>“</strong></span> <span class='ocrx_word' id='word_1_129' title='bbox 268 2035 321 2099; x_wconf 79' lang='lat' dir='ltr'>Tu</span> <span class='ocrx_word' id='word_1_130' title='bbox 336 2056 464 2120; x_wconf 91' lang='lat' dir='ltr'>quoque</span> <span class='ocrx_word' id='word_1_131' title='bbox 480 2056 567 2099; x_wconf 90' lang='lat' dir='ltr'>nunc</span> <span class='ocrx_word' id='word_1_132' title='bbox 584 2043 688 2100; x_wconf 90' lang='lat' dir='ltr'>stares</span> <span class='ocrx_word' id='word_1_133' title='bbox 703 2034 856 2100; x_wconf 89' lang='lat' dir='ltr'>immanis</span> <span class='ocrx_word' id='word_1_134' title='bbox 872 2043 1011 2101; x_wconf 89' lang='lat' dir='ltr'>truncus</span> <span class='ocrx_word' id='word_1_135' title='bbox 1026 2035 1063 2100; x_wconf 89' lang='lat' dir='ltr'>in</span> <span class='ocrx_word' id='word_1_136' title='bbox 1079 2036 1187 2120; x_wconf 88' lang='lat' dir='ltr'>armis,</span> 
     </span>
     <span class='ocr_line' id='line_1_18' title="bbox 232 2137 1024 2226; baseline 0.004 -23"><span class='ocrx_word' id='word_1_137' title='bbox 232 2137 360 2204; x_wconf 83' lang='lat' dir='ltr'>“Esset</span> <span class='ocrx_word' id='word_1_138' title='bbox 377 2162 436 2226; x_wconf 91' lang='lat' dir='ltr'>par</span> <span class='ocrx_word' id='word_1_139' title='bbox 451 2147 541 2205; x_wconf 90' lang='lat' dir='ltr'>aetas</span> <span class='ocrx_word' id='word_1_140' title='bbox 556 2148 589 2205; x_wconf 92' lang='lat' dir='ltr'>et</span> <span class='ocrx_word' id='word_1_141' title='bbox 605 2139 693 2204; x_wconf 91' lang='lat' dir='ltr'>idem</span> <span class='ocrx_word' id='word_1_142' title='bbox 708 2140 735 2204; x_wconf 89' lang='lat' dir='ltr'>si</span> <span class='ocrx_word' id='word_1_143' title='bbox 750 2140 846 2206; x_wconf 88' lang='lat' dir='ltr'>robur</span> <span class='ocrx_word' id='word_1_144' title='bbox 861 2141 904 2205; x_wconf 90' lang='lat' dir='ltr'>ab</span> <span class='ocrx_word' id='word_1_145' title='bbox 921 2140 1024 2224; x_wconf 89' lang='lat' dir='ltr'>annis,</span> 
     </span>
     <span class='ocr_line' id='line_1_19' title="bbox 233 2242 1292 2330; baseline 0.006 -22"><span class='ocrx_word' id='word_1_146' title='bbox 233 2244 253 2276; x_wconf 89' lang='lat'><strong>“</strong></span> <span class='ocrx_word' id='word_1_147' title='bbox 268 2245 386 2310; x_wconf 81' lang='lat' dir='ltr'>Turne.</span> <span class='ocrx_word' id='word_1_148' title='bbox 437 2245 501 2312; x_wconf 87' lang='lat' dir='ltr'>Sed</span> <span class='ocrx_word' id='word_1_149' title='bbox 516 2245 632 2310; x_wconf 84' lang='lat' dir='ltr'>infelix</span> <span class='ocrx_word' id='word_1_150' title='bbox 649 2245 790 2311; x_wconf 78' lang='lat' dir='ltr'>Teucros</span> <span class='ocrx_word' id='word_1_151' title='bbox 807 2245 887 2330; x_wconf 90' lang='lat' dir='ltr'>quid</span> <span class='ocrx_word' id='word_1_152' title='bbox 903 2247 1050 2312; x_wconf 90' lang='lat' dir='ltr'>demoror</span> <span class='ocrx_word' id='word_1_153' title='bbox 1065 2246 1191 2312; x_wconf 79' lang='lat' dir='ltr'>armis?</span> <span class='ocrx_word' id='word_1_154' title='bbox 1229 2242 1292 2314; x_wconf 76' lang='lat'>175</span> 
     </span>
     <span class='ocr_line' id='line_1_20' title="bbox 232 2349 1118 2436; baseline 0.002 -21"><span class='ocrx_word' id='word_1_155' title='bbox 232 2349 387 2415; x_wconf 88' lang='lat' dir='ltr'>“Vadite</span> <span class='ocrx_word' id='word_1_156' title='bbox 403 2358 436 2415; x_wconf 93' lang='lat' dir='ltr'>et</span> <span class='ocrx_word' id='word_1_157' title='bbox 452 2351 531 2416; x_wconf 88' lang='lat' dir='ltr'>haec</span> <span class='ocrx_word' id='word_1_158' title='bbox 548 2371 705 2415; x_wconf 88' lang='lat' dir='ltr'>memores</span> <span class='ocrx_word' id='word_1_159' title='bbox 721 2350 788 2436; x_wconf 90' lang='lat' dir='ltr'>regi</span> <span class='ocrx_word' id='word_1_160' title='bbox 804 2352 963 2416; x_wconf 89' lang='lat' dir='ltr'>mandata</span> <span class='ocrx_word' id='word_1_161' title='bbox 980 2352 1118 2418; x_wconf 88' lang='lat' dir='ltr'>referte:</span> 
     </span>
     <span class='ocr_line' id='line_1_21' title="bbox 194 2453 1111 2541; baseline -0.002 -19"><span class='ocrx_word' id='word_1_162' title='bbox 194 2511 200 2522; x_wconf 93' lang='lat'><em>.</em></span> <span class='ocrx_word' id='word_1_163' title='bbox 235 2453 361 2535; x_wconf 84' lang='lat' dir='ltr'>“Quod</span> <span class='ocrx_word' id='word_1_164' title='bbox 377 2455 481 2519; x_wconf 87' lang='lat' dir='ltr'>vitam</span> <span class='ocrx_word' id='word_1_165' title='bbox 496 2477 603 2520; x_wconf 91' lang='lat' dir='ltr'>moror</span> <span class='ocrx_word' id='word_1_166' title='bbox 617 2455 767 2539; x_wconf 89' lang='lat' dir='ltr'>invisam,</span> <span class='ocrx_word' id='word_1_167' title='bbox 785 2455 938 2520; x_wconf 88' lang='lat' dir='ltr'>Pallante</span> <span class='ocrx_word' id='word_1_168' title='bbox 955 2464 1111 2541; x_wconf 89' lang='lat' dir='ltr'>peremt0,</span> 
     </span>
     <span class='ocr_line' id='line_1_22' title="bbox 233 2558 1194 2647; baseline 0.002 -23"><span class='ocrx_word' id='word_1_169' title='bbox 233 2558 409 2624; x_wconf 88' lang='lat' dir='ltr'>“Dextera</span> <span class='ocrx_word' id='word_1_170' title='bbox 425 2582 523 2626; x_wconf 88' lang='lat' dir='ltr'>causa</span> <span class='ocrx_word' id='word_1_171' title='bbox 538 2568 599 2625; x_wconf 87' lang='lat' dir='ltr'>tua</span> <span class='ocrx_word' id='word_1_172' title='bbox 615 2568 676 2644; x_wconf 89' lang='lat' dir='ltr'>est,</span> <span class='ocrx_word' id='word_1_173' title='bbox 695 2561 844 2625; x_wconf 81' lang='lat' dir='ltr'>Turnum</span> <span class='ocrx_word' id='word_1_174' title='bbox 861 2568 1024 2647; x_wconf 86' lang='lat' dir='ltr'>gnatoque</span> <span class='ocrx_word' id='word_1_175' title='bbox 1040 2561 1194 2646; x_wconf 90' lang='lat' dir='ltr'>patrique</span> 
     </span>
     <span class='ocr_line' id='line_1_23' title="bbox 233 2663 1161 2745; baseline 0.004 -17"><span class='ocrx_word' id='word_1_176' title='bbox 233 2663 253 2696; x_wconf 91' lang='lat'><strong>“</strong></span> <span class='ocrx_word' id='word_1_177' title='bbox 268 2665 374 2745; x_wconf 81' lang='lat' dir='ltr'>Quam</span> <span class='ocrx_word' id='word_1_178' title='bbox 391 2666 508 2731; x_wconf 90' lang='lat' dir='ltr'>debere</span> <span class='ocrx_word' id='word_1_179' title='bbox 524 2666 623 2732; x_wconf 87' lang='lat' dir='ltr'>vides.</span> <span class='ocrx_word' id='word_1_180' title='bbox 670 2665 796 2732; x_wconf 87' lang='lat' dir='ltr'>Meritis</span> <span class='ocrx_word' id='word_1_181' title='bbox 812 2674 909 2731; x_wconf 89' lang='lat' dir='ltr'>vacat</span> <span class='ocrx_word' id='word_1_182' title='bbox 924 2667 977 2732; x_wconf 89' lang='lat' dir='ltr'>hic</span> <span class='ocrx_word' id='word_1_183' title='bbox 994 2667 1058 2732; x_wconf 90' lang='lat' dir='ltr'>tibi</span> <span class='ocrx_word' id='word_1_184' title='bbox 1073 2668 1161 2732; x_wconf 90' lang='lat' dir='ltr'>solus</span> 
     </span>
     <span class='ocr_line' id='line_1_24' title="bbox 234 2768 1292 2856; baseline 0 -22"><span class='ocrx_word' id='word_1_185' title='bbox 234 2768 500 2855; x_wconf 89' lang='lat' dir='ltr'>“Fortunaeque</span> <span class='ocrx_word' id='word_1_186' title='bbox 516 2771 614 2837; x_wconf 87' lang='lat' dir='ltr'>locus.</span> <span class='ocrx_word' id='word_1_187' title='bbox 661 2771 737 2836; x_wconf 86' lang='lat' dir='ltr'>Non</span> <span class='ocrx_word' id='word_1_188' title='bbox 753 2771 840 2836; x_wconf 84' lang='lat' dir='ltr'>vitae</span> <span class='ocrx_word' id='word_1_189' title='bbox 856 2771 977 2856; x_wconf 88' lang='lat' dir='ltr'>gaudia</span> <span class='ocrx_word' id='word_1_190' title='bbox 993 2793 1111 2856; x_wconf 90' lang='lat' dir='ltr'>quaero</span> <span class='ocrx_word' id='word_1_191' title='bbox 1121 2810 1136 2822; x_wconf 95' lang='lat'><em>-</em></span> <span class='ocrx_word' id='word_1_192' title='bbox 1229 2771 1292 2836; x_wconf 90' lang='grc'>180</span> 
     </span>
     <span class='ocr_line' id='line_1_25' title="bbox 234 2875 1122 2962; baseline 0.003 -22"><span class='ocrx_word' id='word_1_193' title='bbox 234 2875 254 2908; x_wconf 81' lang='grc'>“’</span> <span class='ocrx_word' id='word_1_194' title='bbox 267 2875 300 2940; x_wconf 87' lang='lat' dir='ltr'>N</span> <span class='ocrx_word' id='word_1_195' title='bbox 302 2897 337 2941; x_wconf 90' lang='lat' dir='ltr'>ee</span> <span class='ocrx_word' id='word_1_196' title='bbox 353 2876 424 2942; x_wconf 88' lang='lat' dir='ltr'>fas·</span> <span class='ocrx_word' id='word_1_197' title='bbox 433 2928 443 2960; x_wconf 91' lang='lat'>,</span> <span class='ocrx_word' id='word_1_198' title='bbox 461 2877 517 2942; x_wconf 88' lang='lat' dir='ltr'>sed</span> <span class='ocrx_word' id='word_1_199' title='bbox 532 2884 633 2962; x_wconf 88' lang='lat' dir='ltr'>gnato</span> <span class='ocrx_word' id='word_1_200' title='bbox 649 2877 764 2941; x_wconf 87' lang='lat' dir='ltr'>Manes</span> <span class='ocrx_word' id='word_1_201' title='bbox 780 2877 917 2962; x_wconf 87' lang='lat' dir='ltr'>perferre</span> <span class='ocrx_word' id='word_1_202' title='bbox 934 2878 995 2942; x_wconf 89' lang='lat' dir='ltr'>sub</span> <span class='ocrx_word' id='word_1_203' title='bbox 1010 2877 1122 2944; x_wconf 89' lang='lat' dir='ltr'>imos.&#39;’</span> 
     </span>
    </p>

    <p class='ocr_par' dir='ltr' id='par_1_3' title="bbox 232 2981 1295 4014">
     <span class='ocr_line' id='line_1_26' title="bbox 299 2981 1057 3063; baseline 0 -17"><span class='ocrx_word' id='word_1_204' title='bbox 299 2981 426 3048; x_wconf 89' lang='lat' dir='ltr'>Aurora</span> <span class='ocrx_word' id='word_1_205' title='bbox 441 2981 567 3046; x_wconf 89' lang='lat' dir='ltr'>interea</span> <span class='ocrx_word' id='word_1_206' title='bbox 582 2981 709 3047; x_wconf 89' lang='lat' dir='ltr'>miseris</span> <span class='ocrx_word' id='word_1_207' title='bbox 724 2982 918 3047; x_wconf 87' lang='lat' dir='ltr'>mortalibus</span> <span class='ocrx_word' id='word_1_208' title='bbox 934 2983 1057 3063; x_wconf 77' lang='lat' dir='ltr'>almam</span> 
     </span>
     <span class='ocr_line' id='line_1_27' title="bbox 232 3086 1091 3171; baseline 0 -19"><span class='ocrx_word' id='word_1_209' title='bbox 232 3087 410 3152; x_wconf 64' lang='lat' dir='ltr'>Extulaat</span> <span class='ocrx_word' id='word_1_210' title='bbox 426 3087 544 3170; x_wconf 89' lang='lat' dir='ltr'>lucem,</span> <span class='ocrx_word' id='word_1_211' title='bbox 561 3087 699 3151; x_wconf 88' lang='lat' dir='ltr'>referens</span> <span class='ocrx_word' id='word_1_212' title='bbox 715 3107 812 3171; x_wconf 90' lang='lat' dir='ltr'>opera</span> <span class='ocrx_word' id='word_1_213' title='bbox 829 3095 929 3171; x_wconf 86' lang='lat' dir='ltr'>atque</span> <span class='ocrx_word' id='word_1_214' title='bbox 945 3086 1091 3153; x_wconf 88' lang='lat' dir='ltr'>labores:</span> 
     </span>
     <span class='ocr_line' id='line_1_28' title="bbox 232 3190 1101 3276; baseline -0.003 -19"><span class='ocrx_word' id='word_1_215' title='bbox 232 3192 257 3257; x_wconf 83' lang='lat' dir='ltr'><strong>J</strong></span> <span class='ocrx_word' id='word_1_216' title='bbox 258 3214 312 3254; x_wconf 88' lang='lat' dir='ltr'>am</span> <span class='ocrx_word' id='word_1_217' title='bbox 327 3199 420 3275; x_wconf 73' lang='lat' dir='ltr'>pater</span> <span class='ocrx_word' id='word_1_218' title='bbox 436 3191 576 3276; x_wconf 85' lang='lat' dir='ltr'>Aeneas,</span> <span class='ocrx_word' id='word_1_219' title='bbox 589 3191 661 3275; x_wconf 89' lang='lat' dir='ltr'>jam</span> <span class='ocrx_word' id='word_1_220' title='bbox 676 3211 774 3255; x_wconf 87' lang='lat' dir='ltr'>curvo</span> <span class='ocrx_word' id='word_1_221' title='bbox 790 3191 825 3254; x_wconf 91' lang='lat' dir='ltr'>in</span> <span class='ocrx_word' id='word_1_222' title='bbox 841 3190 935 3255; x_wconf 90' lang='lat' dir='ltr'>litore</span> <span class='ocrx_word' id='word_1_223' title='bbox 952 3190 1101 3255; x_wconf 84' lang='lat' dir='ltr'>Tarchon</span> 
     </span>
     <span class='ocr_line' id='line_1_29' title="bbox 235 3294 1293 3381; baseline 0.001 -21"><span class='ocrx_word' id='word_1_224' title='bbox 235 3295 441 3361; x_wconf 82' lang='lat' dir='ltr'>Constituere</span> <span class='ocrx_word' id='word_1_225' title='bbox 457 3318 561 3381; x_wconf 87' lang='lat' dir='ltr'>pyras.</span> <span class='ocrx_word' id='word_1_226' title='bbox 608 3294 684 3359; x_wconf 90' lang='lat' dir='ltr'>Huc</span> <span class='ocrx_word' id='word_1_227' title='bbox 701 3315 833 3380; x_wconf 89' lang='lat' dir='ltr'>corpora</span> <span class='ocrx_word' id='word_1_228' title='bbox 850 3294 988 3379; x_wconf 90' lang='lat' dir='ltr'>quisque</span> <span class='ocrx_word' id='word_1_229' title='bbox 1005 3316 1138 3360; x_wconf 90' lang='lat' dir='ltr'>suorum</span> <span class='ocrx_word' id='word_1_230' title='bbox 1232 3295 1293 3361; x_wconf 89' lang='lat'>185</span> 
     </span>
     <span class='ocr_line' id='line_1_30' title="bbox 234 3400 1087 3487; baseline 0 -21"><span class='ocrx_word' id='word_1_231' title='bbox 234 3403 324 3466; x_wconf 91' lang='lat' dir='ltr'>More</span> <span class='ocrx_word' id='word_1_232' title='bbox 340 3403 444 3467; x_wconf 88' lang='lat' dir='ltr'>tulere</span> <span class='ocrx_word' id='word_1_233' title='bbox 461 3410 605 3487; x_wconf 85' lang='lat' dir='ltr'>potrum,</span> <span class='ocrx_word' id='word_1_234' title='bbox 624 3400 842 3486; x_wconf 87' lang='lat' dir='ltr'>subjectisque</span> <span class='ocrx_word' id='word_1_235' title='bbox 858 3400 989 3486; x_wconf 90' lang='lat' dir='ltr'>ignibus</span> <span class='ocrx_word' id='word_1_236' title='bbox 1005 3401 1087 3466; x_wconf 91' lang='lat' dir='ltr'>atris</span> 
     </span>
     <span class='ocr_line' id='line_1_31' title="bbox 235 3506 1104 3591; baseline -0.002 -19"><span class='ocrx_word' id='word_1_237' title='bbox 235 3507 394 3572; x_wconf 81' lang='lat' dir='ltr'>Conditur</span> <span class='ocrx_word' id='word_1_238' title='bbox 408 3507 443 3571; x_wconf 94' lang='lat' dir='ltr'>in</span> <span class='ocrx_word' id='word_1_239' title='bbox 458 3508 609 3572; x_wconf 89' lang='lat' dir='ltr'>tenebras</span> <span class='ocrx_word' id='word_1_240' title='bbox 625 3508 732 3572; x_wconf 90' lang='lat' dir='ltr'>altum</span> <span class='ocrx_word' id='word_1_241' title='bbox 748 3506 886 3591; x_wconf 90' lang='lat' dir='ltr'>caligine</span> <span class='ocrx_word' id='word_1_242' title='bbox 902 3507 1036 3572; x_wconf 91' lang='lat' dir='ltr'>coelum.</span> <span class='ocrx_word' id='word_1_243' title='bbox 1095 3517 1104 3534; x_wconf 90' lang='lat'>&#39;</span> 
     </span>
     <span class='ocr_line' id='line_1_32' title="bbox 234 3609 1049 3697; baseline 0.004 -23"><span class='ocrx_word' id='word_1_244' title='bbox 234 3609 300 3675; x_wconf 84' lang='lat' dir='ltr'>Ter</span> <span class='ocrx_word' id='word_1_245' title='bbox 315 3611 438 3676; x_wconf 90' lang='lat' dir='ltr'>circum</span> <span class='ocrx_word' id='word_1_246' title='bbox 454 3629 603 3677; x_wconf 88' lang='lat' dir='ltr'>accensos</span> <span class='ocrx_word' id='word_1_247' title='bbox 619 3612 719 3676; x_wconf 87' lang='lat' dir='ltr'>cincti</span> <span class='ocrx_word' id='word_1_248' title='bbox 730 3612 934 3697; x_wconf 87' lang='lat' dir='ltr'>fulgentibus</span> <span class='ocrx_word' id='word_1_249' title='bbox 949 3613 1049 3677; x_wconf 91' lang='lat' dir='ltr'>armis</span> 
     </span>
     <span class='ocr_line' id='line_1_33' title="bbox 235 3715 1055 3802; baseline -0.002 -20"><span class='ocrx_word' id='word_1_250' title='bbox 235 3715 410 3782; x_wconf 79' lang='lat' dir='ltr'>Decurrere</span> <span class='ocrx_word' id='word_1_251' title='bbox 426 3737 535 3800; x_wconf 81' lang='lat' dir='ltr'>rogos3</span> <span class='ocrx_word' id='word_1_252' title='bbox 561 3724 612 3780; x_wconf 90' lang='lat' dir='ltr'>ter</span> <span class='ocrx_word' id='word_1_253' title='bbox 626 3725 790 3782; x_wconf 86' lang='lat' dir='ltr'>maestum</span> <span class='ocrx_word' id='word_1_254' title='bbox 805 3717 926 3781; x_wconf 87' lang='lat' dir='ltr'>funeris</span> <span class='ocrx_word' id='word_1_255' title='bbox 943 3716 1055 3802; x_wconf 89' lang='lat' dir='ltr'>ignem</span> 
     </span>
     <span class='ocr_line' id='line_1_34' title="bbox 234 3819 1295 3905; baseline 0.002 -21"><span class='ocrx_word' id='word_1_256' title='bbox 234 3820 426 3884; x_wconf 86' lang='lat' dir='ltr'>Lustravere</span> <span class='ocrx_word' id='word_1_257' title='bbox 443 3819 477 3884; x_wconf 90' lang='lat' dir='ltr'>iu</span> <span class='ocrx_word' id='word_1_258' title='bbox 493 3821 595 3905; x_wconf 87' lang='lat' dir='ltr'>equis,</span> <span class='ocrx_word' id='word_1_259' title='bbox 610 3821 825 3905; x_wconf 86' lang='lat' dir='ltr'>&#39;ululatusque</span> <span class='ocrx_word' id='word_1_260' title='bbox 843 3842 895 3884; x_wconf 91' lang='lat' dir='ltr'>ore</span> <span class='ocrx_word' id='word_1_261' title='bbox 912 3822 1036 3886; x_wconf 93' lang='lat' dir='ltr'>dedere.</span> <span class='ocrx_word' id='word_1_262' title='bbox 1231 3820 1295 3886; x_wconf 90' lang='grc'>190</span> 
     </span>
     <span class='ocr_line' id='line_1_35' title="bbox 236 3926 1138 4014; baseline 0.002 -24"><span class='ocrx_word' id='word_1_263' title='bbox 236 3927 408 4012; x_wconf 73' lang='lat' dir='ltr'>Spargitur</span> <span class='ocrx_word' id='word_1_264' title='bbox 424 3935 456 3992; x_wconf 88' lang='lat' dir='ltr'>et</span> <span class='ocrx_word' id='word_1_265' title='bbox 474 3927 572 3995; x_wconf 90' lang='lat' dir='ltr'>tellus</span> <span class='ocrx_word' id='word_1_266' title='bbox 586 3926 741 4011; x_wconf 88' lang='lat' dir='ltr'>lacrimis,</span> <span class='ocrx_word' id='word_1_267' title='bbox 759 3935 958 4014; x_wconf 87' lang='lat' dir='ltr'>sparguntur</span> <span class='ocrx_word' id='word_1_268' title='bbox 975 3935 1010 3992; x_wconf 91' lang='lat' dir='ltr'>et</span> <span class='ocrx_word' id='word_1_269' title='bbox 1027 3948 1138 4010; x_wconf 79' lang='lat' dir='ltr'>arma3</span> 
     </span>
    </p>
   </div>
   <div class='ocr_carea' id='block_1_3' title="bbox 0 0 1483 4522">
    <p class='ocr_par' dir='ltr' id='par_1_4' title="bbox 0 0 1483 4522">
     <span class='ocr_line' id='line_1_36' title="bbox 0 0 1483 4522; baseline 0 0"><span class='ocrx_word' id='word_1_270' title='bbox 0 0 1483 4522; x_wconf 95' lang='lat' dir='ltr'> </span> 
     </span>
    </p>
   </div>
  </div>
 </body>
</html>
