2898 4518
240 261 305 326 132
597 278 770 325 rnnuroos
793 279 858 326 nra.
883 279 929 326 vr.

238 436 261 469 “
273 437 384 524 Ipsius
399 459 420 502 a
436 437 514 504 solio
530 438 623 524 regis,
638 438 806 523 traxitque
824 445 1040 521 trementem;

239 541 260 575 “
271 543 318 608 Hi
332 543 500 609 dominam
517 543 606 609 Ditis
623 544 770 609 thalamo
786 545 946 610 deducere
962 543 1099 610 adorti’²

239 649 329 729 Quae
344 657 457 715 contra
472 647 613 714 breviter
627 650 698 714 fata
714 657 764 714 est
780 649 980 734 Amphrysia
996 656 1106 716 vates:

239 753 393 819 “Nullae
409 753 461 819 hic
478 754 615 820 insidiae
631 755 853 820 tales-absiste
869 755 1017 839 moveri,

239 858 260 892 “
272 860 342 925 Nec
359 860 426 924 vim
442 861 509 925 tela
523 861 657 928 ferunt:
682 862 759 926 licet
774 862 890 947 ingens
901 861 1026 946 janitor
1043 869 1137 926 antro
1239 861 1305 924 400

239 963 456 1030 “Aeternum
472 966 597 1031 latrans
613 987 793 1052 exsangues
808 974 930 1031 terreat
945 967 1077 1032 umbras
1090 987 1100 1049 ;

239 1069 373 1135 “Casta
389 1071 466 1138 licet
482 1071 594 1157 patrui
610 1080 715 1136 servet
731 1071 926 1156 Proserpina
940 1071 1047 1138 limen.

239 1174 391 1242 “Troius
407 1176 547 1262 Aeneas,
565 1177 689 1263 pietate
704 1177 840 1263 insignis
857 1185 890 1242 et
907 1177 1017 1261 armis,

238 1279 260 1312 “
276 1279 332 1346 Ad
348 1281 529 1366 genitorem
545 1280 631 1347 imas
645 1281 745 1348 Erebi
760 1282 928 1348 descendit
943 1283 986 1346 ad
1002 1282 1144 1347 umbras.

239 1384 261 1418 “
276 1386 312 1452 si
327 1394 362 1450 te
378 1386 470 1450 nulla
486 1393 595 1451 movet
612 1394 724 1452 tantae
739 1386 873 1473 pietatis
888 1387 1016 1472 imagc;
1238 1386 1303 1454 405

239 1490 320 1557 “At
336 1513 464 1556 ramum
478 1491 566 1556 hunc
578 1492 720 1577 ”aperit
736 1514 875 1576 ramum,
893 1492 950 1577 qui
964 1500 1056 1565 veste
1071 1493 1215 1558 latebat-

239 1596 262 1629 “
276 1597 475 1683 Agnosces.'’
523 1597 667 1662 Tumida
682 1618 724 1662 ex
738 1597 786 1661 ira
801 1606 875 1662 tum
891 1599 986 1662 corda
1001 1597 1157 1664 residunt.

238 1703 308 1768 Neo
326 1704 421 1788 plura
435 1702 495 1769 his.
543 1703 604 1767 Ille
620 1703 784 1768 admirans
800 1703 984 1768 venerabile
999 1705 1122 1768 donum

237 1807 365 1873 Fatalis
381 1807 499 1893 virgae,
517 1808 612 1891 longo
629 1815 703 1892 post
721 1815 864 1892 tempore
880 1807 997 1890 visum,

239 1911 429 1977 Caeruleam
444 1912 587 1976 advertit
603 1912 742 1997 puppim
758 1912 911 1997 ripaeque
929 1913 1135 1998 propinquat.
1154 1979 1159 1988 ,
1238 1895 1324 1976 410'

237 2017 320 2081 Inde
336 2017 416 2081 olias
432 2016 568 2102 animas,
587 2038 670 2102 quae
687 2039 746 2102 per
757 2017 838 2103 juga
853 2019 950 2104 longa
967 2018 1135 2102 sedebant,

239 2120 418 2205 Deturbat‚
436 2121 593 2205 laxatque
609 2120 714 2204 foros;
739 2121 837 2186 simul
852 2121 973 2207 accipit
989 2122 1080 2186 alveo

239 2227 415 2312 Ingentem
431 2225 577 2292 Aenean.
625 2225 762 2290 Gemuit
778 2227 839 2291 sub
855 2227 995 2312 pondere
1005 2227 1128 2311 cymba

238 2330 366 2416 Sutilis,
385 2339 418 2395 et
435 2331 576 2394 multam
592 2331 718 2416 accepit
735 2331 853 2395 rimosa
870 2333 1032 2416 paludem.

238 2436 388 2501 Tandem
404 2442 497 2500 trans
512 2435 651 2500 fluvium
666 2436 838 2500 incolumis
854 2445 1027 2521 vatemque
1043 2437 1215 2521 vimmque
1238 2435 1303 2502 415

236 2541 375 2606 Informi
390 2540 468 2606 limo
485 2541 665 2626 glaucaque
682 2541 816 2627 exponit
832 2541 867 2606 in
882 2543 967 2607 ulva.

238 2646 397 2712 Cerberus
413 2645 493 2710 haec
510 2645 623 2732 ingens
638 2647 764 2711 latratu
779 2667 878 2732 regna
894 2647 1026 2712 trifauci

236 2752 405 2831 Personat,
424 2751 555 2816 adverso
571 2753 728 2816 recubans
744 2752 897 2817 immanis
912 2751 947 2816 in
963 2760 1066 2818 antro.

237 2857 299 2923 Cui
314 2865 416 2936 vatea
435 2856 561 2920 horrere
577 2856 690 2922 videns
701 2857 772 2940 jam
788 2857 869 2921 colla
885 2858 1034 2941 colubris,

236 2962 334 3028 Melle
351 2969 540 3045 soporatam
556 2970 589 3026 et
605 2961 775 3027 medicatis
791 2962 939 3048 frugibus
956 2962 1054 3028 offam
1237 2964 1304 3028 420

237 3068 376 3154 Objicit;
401 3069 457 3132 ille
473 3069 559 3133 fame
575 3068 689 3133 rabida
705 3069 769 3133 tria
785 3076 924 3154 guttura
939 3071 1087 3155 pandens

237 3175 376 3261 Corripit
394 3175 567 3260 objectam,
585 3182 685 3259 atque
700 3174 858 3238 immania
872 3181 968 3260 terga
983 3176 1115 3241 resolvit

237 3281 345 3348 Fusus
360 3281 467 3365 humi,
484 3288 618 3366 totoque
634 3281 747 3367 ingens
763 3281 951 3346 extenditur
966 3289 1067 3348 antro.

237 3371 386 3472 Occupat
406 3387 536 3461 Aeneas
552 3387 680 3452 aditum
697 3388 831 3452 custode
847 3388 987 3474 sepulto,

237 3493 426 3576 Evaditque
444 3493 525 3558 celer
541 3492 647 3578 ripam
661 3492 872 3560 irremeabilis
888 3495 1003 3560 undae.
1239 3494 1306 3562 425

307 3597 472 3663 Continuo
489 3598 621 3663 auditae
638 3620 741 3682 voces,
758 3597 888 3684 vagitus
904 3607 938 3663 et
954 3599 1077 3684 ingens,

240 3701 479 3788 Infantumque
495 3703 622 3768 animae
638 3702 766 3787 flentes,
782 3703 818 3767 in
833 3703 945 3768 limine
962 3704 1076 3789 prime,
1187 3752 1191 3758 -

240 3808 328 3890 Quos
344 3808 448 3874 dulcis
464 3807 551 3872 vitae
568 3815 709 3872 exsortes
726 3816 760 3872 et
776 3809 817 3873 ab
833 3809 930 3874 ubere
947 3816 1057 3894 raptos

240 3914 394 3980 Abstulit
410 3921 482 3977 atra
498 3913 566 3978 dies
582 3920 616 3976 et
631 3913 743 3976 funere
760 3914 874 3979 mersit
890 3915 1012 3982 acerbo.
