2838 4522
260 309 303 374 22
641 325 811 373 nnumnos
834 327 898 374 nra.
924 327 945 374 1.

260 449 390 572 Viginli
406 492 529 568 tauros,
545 505 740 572 magnorum
755 475 919 552 horrentia
929 459 1065 551 'centum

261 591 366 676 Terga
382 608 489 674 suum,
507 589 644 677 pingues
659 599 794 685 centum
809 613 886 657 cum
899 585 1062 657 matribus
1073 582 1193 676 agnos,
1257 592 1323 658 635

263 694 402 760 Munera
417 695 645 780 laetitiamque
660 695 715 762 dii.
724 689 741 782 ι’
898 775 902 786 ι

261 798 310 865 At
326 799 441 864 domus
456 799 589 864 interior
604 799 892 885 regalisplendida
906 800 990 864 luxu

262 903 452 988 Instruitur,
465 903 643 992 mediisque
659 911 779 989 parant
795 905 942 970 convivia
956 904 1074 972 tectis:

263 1008 347 1074 Arte
362 1009 527 1074 laboratae
543 1017 649 1074 vestes
665 1017 815 1094 ostroque
831 998 979 1095 superbe,

262 1114 382 1200 Ingens
397 1119 571 1200 argentum
586 1113 716 1198 mensis,
734 1115 923 1200 caelataque
939 1114 975 1178 in
990 1136 1068 1180 auro
1261 1114 1325 1178 646

261 1220 376 1285 Fortia
390 1219 480 1284 facta
495 1227 639 1305 patrum,
656 1220 750 1286 series
766 1220 954 1305 longissima
969 1240 1078 1284 rerum

262 1327 327 1391 Per
341 1331 392 1391 tot
407 1327 510 1392 ducta
524 1325 608 1390 viros
624 1326 778 1411 antiquae
795 1325 837 1390 ab
854 1325 975 1411 origine
991 1323 1106 1410 gentis.

262 1432 512 1516 Aeneas-neque
528 1429 616 1494 enim
631 1430 757 1516 patrius
772 1430 945 1496 consistere
954 1435 1100 1494 mentem

262 1538 383 1602 Passus
398 1535 657 1620 amor-rapidum
672 1535 715 1600 ad
729 1541 828 1600 naves
842 1534 1030 1626 praemittit
1045 1532 1211 1616 Achaten,

262 1641 404 1708 Ascanio
419 1641 503 1706 ferat
518 1640 610 1725 haec,
627 1639 801 1726 ipsumque
817 1640 860 1704 ad
875 1639 1005 1704 moenia
1020 1639 1142 1705 ducat:
1260 1637 1326 1704 645

263 1746 378 1813 Omnis
393 1744 428 1810 in
443 1743 585 1810 Ascanio
601 1745 666 1810 cari
681 1752 750 1810 stat
765 1765 844 1810 cura
859 1729 1011 1831 parentis.

263 1851 400 1915 Munera
411 1856 581 1940 praeterea
597 1849 708 1914 Iliacis
723 1855 837 1935 erepta
852 1849 953 1914 ruinis

263 1952 362 2020 Ferre
373 1953 481 2040 jubet,
498 1953 622 2040 pallam
638 1953 737 2040 signis
753 1975 896 2039 auroque
912 1954 1083 2040 rigentem,

263 2059 310 2124 Et
326 2059 579 2124 circumtextum
594 2080 702 2124 croceo
716 2056 867 2124 velamen
882 2059 1033 2144 acantho,

265 2163 411 2228 Ornatus
426 2163 568 2249 Argivae
584 2162 741 2248 Helenae,
759 2185 839 2248 quos
854 2163 911 2228 illa
927 2161 1083 2248 Mycenis,
1259 2163 1328 2228 650

250 2267 425 2353 -Pergama
441 2288 545 2352 quum
559 2274 686 2353 peteret
701 2268 966 2352 inconcessosque
983 2257 1200 2352 Hymenaeon,

263 2371 451 2457 Exhilarat,
467 2373 582 2438 matris
597 2373 708 2438 Ledae
723 2371 870 2438 mirabile
887 2373 1031 2455 donum3

263 2477 438 2542 Praeterea
454 2484 631 2562 sceptrum,
649 2476 753 2542 Ilione
769 2478 858 2562 quod
873 2485 1016 2563 gesserat
1031 2477 1120 2562 olim,

264 2579 413 2646 Maxima
427 2588 583 2646 natarum
600 2580 736 2666 Priami,
754 2581 899 2667 colloque
914 2581 1035 2647 monile

265 2687 457 2771 Baocatum,
475 2693 509 2751 et
524 2686 688 2772 duplicem
703 2685 840 2772 gemmis
856 2707 997 2772 auroque
1013 2707 1172 2752 coronam.
1261 2689 1328 2754 665

265 2791 357 2857 Haec
374 2792 516 2857 celerans
531 2791 594 2856 iter
609 2792 652 2856 ad
667 2813 766 2858 naves
782 2793 939 2858 tendebat
955 2792 1110 2858 Achates.

330 2896 380 2960 At
397 2895 560 2980 Cytherea
574 2917 673 2962 novas
688 2905 785 2982 artes,
802 2917 886 2963 nova
902 2905 1032 2983 pectore
1047 2904 1154 2964 versat

174 3033 180 3048 ·
265 3000 416 3085 Consilia,
434 3007 473 3065 ut
487 2999 605 3066 faeiem
620 3009 770 3068 mutatus
786 3011 819 3068 et
835 3025 890 3068 ora
907 3003 1035 3090 Cupido

264 3106 328 3170 Pro
343 3105 432 3171 dulci
441 3105 589 3172 'Ascanio
604 3107 726 3192 veniat,
744 3108 901 3194 donisque
916 3108 1081 3172 furentem

265 3209 424 3276 incendat
440 3211 585 3298 reginam
601 3219 701 3297 atque
718 3213 843 3280 ossibus
857 3213 1008 3302 implicet
1023 3213 1152 3299 ignem:
1262 3213 1330 3278 660

265 3316 393 3402 Quippe
408 3317 543 3381 domum
558 3316 656 3382 timet
672 3318 862 3404 ambiguam
878 3319 1057 3404 Tyriosque
1072 3317 1243 3404 bilingues.

265 3421 344 3486 Urit
360 3430 455 3487 atrox
470 3421 571 3507 Juno,
589 3429 623 3488 et
640 3423 702 3488 sub
717 3431 848 3489 noctem
863 3445 942 3490 cura
955 3430 1112 3489 recursat.

264 3525 350 3615 Ergo
362 3526 413 3592 his
429 3526 587 3612 aligerum
603 3527 699 3593 dictis
715 3525 836 3593 affatur
852 3528 1029 3596 Amorem:

265 3631 290 3666 “
304 3632 403 3716 Nate,
421 3653 512 3697 meae
528 3631 621 3713 vires,
638 3655 711 3698 mea
725 3655 847 3720 magna
862 3633 1021 3720 potentia,
1039 3634 1137 3711 solus,

265 3737 286 3771 “
299 3737 398 3822 Nate,
415 3735 520 3824 patris
536 3737 658 3802 summi
672 3737 730 3822 qui
744 3738 811 3802 tela
828 3737 977 3824 Typhoia
993 3737 1125 3823 temnis,
1264 3740 1332 3804 666

265 3841 354 3908 “Ad
371 3849 404 3906 te
420 3841 570 3927 confugio
586 3849 619 3906 et
636 3843 775 3930 supplex
791 3850 851 3908 tua
866 3842 1003 3908 numina
1019 3839 1162 3942 posco)

266 3947 287 3980 “
301 3946 417 4012 Frater
430 3954 470 4012 ut
486 3946 614 4012 Aeneas
629 3948 745 4036 pelago
760 3956 839 4015 tuus
855 3948 964 4014 omnia
980 3949 1104 4014 circum
