2922 4516
524 321 696 370 murrnos
718 323 783 371 nra
809 289 875 373 mr.¹
1161 307 1225 373 301

166 483 188 516 “
201 483 291 566 Quid
306 477 395 548 nunc
410 489 445 547 te
460 488 530 566 tue,
549 481 669 566 Turne,
686 489 796 569 potest
812 504 966 566 germana
978 483 1103 568 juvare,

168 587 271 653 “Aut
288 587 368 673 quid
380 585 452 671 jam
467 587 566 651 durae
582 594 714 672 superat
730 587 836 653 mihi?
886 589 958 669 Qua
974 587 1037 653 tibi
1052 589 1161 654 lucem

168 691 284 757 “Arte
300 693 432 757 morer?
482 690 591 756 Talin'
607 711 741 776 possum
756 713 809 757 me
826 713 988 778 opponere
1004 697 1181 762 monstro?

168 795 188 828 “
202 795 281 860 dam
293 794 364 880 jam
378 795 490 879 linquo
506 795 599 860 ecies.
648 794 700 859 Ne
716 817 768 860 me
785 804 902 861 terrete
918 797 1103 884 timentem,
1161 796 1227 866 875

168 900 368 966 “Obscenae
384 901 549 966 volucres:
575 901 701 965 alarum
717 901 850 966 verbere
865 925 961 968 nosco

168 1006 189 1038 ‘⁶
202 1007 415 1091 Letalemque
432 1027 560 1091 sonum,
577 1027 637 1071 nec
651 1004 774 1072 fallunt
786 1006 878 1092 jussa
896 1008 1035 1092 superba
1167 1083 1170 1088 ¹

132 1191 135 1196 Ι
167 1111 188 1142 “
202 1108 405 1197 Magnanimi
420 1110 444 1176 J
445 1099 522 1177 ovis.
570 1109 663 1176 Haec
678 1133 738 1197 pro
753 1111 943 1198 virginitate
959 1113 1114 1198 reponit?

167 1215 188 1248 “
202 1216 274 1296 Quo
288 1217 394 1281 vitam
409 1215 501 1293 dedit
516 1217 712 1282 aeternam?
738 1230 795 1286 cur
810 1217 926 1284 mortis
941 1218 1074 1285 ademta
1088 1225 1139 1284 est

167 1321 189 1354 “
203 1322 384 1388 Condicio?
432 1321 568 1388 Possem
584 1329 697 1388 tantos
711 1321 805 1388 finire
822 1321 957 1389 dolores
1161 1324 1227 1390 880

166 1426 187 1459 “
204 1427 302 1492 Nune
320 1435 417 1512 certe,
434 1435 468 1492 et
484 1427 600 1493 misero
615 1427 708 1492 fratri
723 1449 830 1494 comes
845 1427 891 1492 ire
906 1449 964 1514 per
979 1429 1121 1495 umbrae.

166 1532 186 1564 “
200 1533 404 1598 Immortalis
418 1535 503 1620 ego?
529 1539 588 1598 aut
604 1532 786 1618 quidquam
800 1533 882 1598 mihi
897 1534 992 1600 dulce
1008 1555 1159 1600 meorum

165 1637 187 1670 “
202 1638 250 1702 Te
266 1638 346 1731 sine,
362 1637 472 1722 frater,
490 1637 582 1704 erit?
631 1637 659 1704 Ο
676 1657 759 1722 quae
775 1637 855 1704 satis
871 1639 941 1704 alta
957 1639 1104 1705 dehiscat

165 1742 188 1775 “
199 1743 299 1808 Terre
314 1743 406 1828 mihi,
422 1763 600 1828 manesque
615 1744 711 1808 deam
726 1743 885 1816 demittat
901 1744 943 1809 ad
958 1725 1040 1811 im'os
1053 1746 1099 1812 ?’'

164 1849 314 1914 Tantum
329 1847 440 1932 effata,
458 1856 559 1934 caput
574 1849 690 1935 glauco
707 1847 854 1914 contexit
869 1848 995 1914 amictu
1159 1850 1225 1916 885
1264 1937 1269 1946 .

163 1954 273 2020 Multa
288 1975 431 2040 gemens,
448 1961 483 2020 et
499 1976 532 2020 se
547 1953 646 2022 fluvio
662 1955 723 2019 dea
738 1953 883 2019 condidit
898 1955 974 2020 alto.

230 2058 361 2124 Aeneas
376 2059 480 2124 instat
496 2066 622 2142 contra,
640 2059 808 2142 telumque
824 2066 973 2124 coruscat

164 2164 286 2249 Ingens
301 2164 482 2248 arboreum,
499 2171 533 2228 et
545 2185 639 2229 saevo
656 2162 700 2229 sic
717 2169 847 2248 pectore
862 2161 971 2229 fatur:
1023 2173 1036 2198 ⁴

163 2267 185 2300 “
196 2269 287 2350 Quae
298 2268 513 2344 nuncdeinde
529 2290 620 2334 mora
635 2275 695 2352 est,
709 2275 769 2332 aut
780 2267 860 2352 quid
871 2265 952 2353 jam,
969 2267 1091 2354 Turne,
1104 2276 1225 2335 retrac-

163 2371 184 2404 “
197 2371 274 2438 Non
286 2395 395 2457 cursu,
409 2372 512 2438 saevis
524 2374 718 2439 certandum
730 2380 780 2438 est
792 2372 973 2439 comminus
985 2373 1092 2464 armis.
1126 2371 1192 2460 [tas
1205 2375 1238 2460 ?⁴

162 2476 298 2543 “Verte
315 2499 426 2544 omnes
441 2484 510 2543 tete
525 2478 561 2542 in
575 2478 684 2562 facies,
703 2485 737 2542 et
752 2478 918 2562 contrahe,
936 2479 1096 2564 quidquid
1156 2481 1220 2547 891

163 2580 183 2614 “
198 2581 273 2648 Sive
288 2581 406 2647 animis
422 2581 487 2647 sive
503 2590 574 2646 arte
589 2582 678 2647 vales
692 2603 701 2664 ;
727 2590 805 2668 opta
820 2584 921 2648 ardua
936 2582 1053 2668 pennis

165 2685 299 2752 “Astra
315 2687 407 2772 sequi
422 2687 634 2772 clausumque
650 2709 730 2752 cava
746 2696 779 2752 te
796 2689 931 2753 condere
946 2695 1032 2754 terra
1046 2694 1053 2756 1
1067 2691 1087 2720 ''

162 2791 225 2856 Ille
241 2799 343 2878 caput
358 2813 532 2876 quassans:
560 2791 671 2856 “Non
685 2813 737 2856 me
749 2799 810 2858 tua
824 2793 949 2858 fervida
964 2800 1088 2860 terrent

163 2895 185 2928 “
199 2896 311 2981 Dicte,
327 2896 416 2961 ferox
429 2917 438 2978 3
464 2896 498 2960 di
514 2917 566 2960 me
583 2903 707 2960 terrent
722 2903 757 2961 et
772 2895 907 2982 Jupiter
922 2897 1056 2964 hostis.”
1156 2900 1223 2966 895

161 2999 231 3070 Nec
246 3001 341 3086 plura
356 3001 485 3086 effatus,
502 3023 620 3068 saxum
635 3001 857 3087 circumspicit
873 3002 998 3087 ingens,
1068 3056 1069 3059 ,

161 3107 290 3172 Saxum
306 3107 491 3192 antiquum,
509 3107 635 3192 ingens,
653 3127 770 3193 campo
788 3107 874 3191 quod
888 3105 972 3171 forte
984 3104 1126 3190 jacebat,

158 3210 270 3276 Limes
285 3233 359 3298 agro
375 3210 512 3296 positus,
528 3211 624 3276 litem
639 3217 679 3275 ut
695 3211 890 3276 discerneret
906 3208 998 3275 arvis.

158 3314 228 3378 Vix
241 3313 325 3379 illud
339 3315 417 3390 lecti
431 3315 482 3380 bis
498 3336 555 3381 sex
571 3314 691 3379 cervice
708 3309 868 3396 subirent}

159 3418 277 3498 Qualia
292 3441 379 3484 nuno
395 3419 568 3484 hominum
584 3419 737 3504 producit
753 3439 884 3504 corpora
900 3417 1019 3500 tellus,
1157 3420 1221 3486 900

126 3523 132 3535 ’
160 3523 219 3586 Ille
235 3543 338 3587 manu
353 3511 487 3610 raptum
501 3523 630 3608 trepida
645 3524 817 3608 torquebat
832 3523 868 3587 in
882 3523 1021 3609 hostem,

157 3627 268 3698 Altior
282 3627 452 3714 insurgens
467 3636 501 3694 et
517 3650 615 3694 cursu
631 3629 777 3692 concitus
792 3628 894 3694 heros.

159 3732 224 3799 Sed
239 3754 347 3818 neque
363 3741 547 3799 currentem
563 3755 596 3799 se
612 3753 671 3798 nec
688 3731 852 3818 cognoscit
870 3739 1015 3818 euntem,

158 3838 385 3904 Tollentemve
401 3861 502 3905 manu
518 3858 699 3924 saxumque
714 3838 858 3903 immane
874 3847 1083 3923 moventem

155 3944 275 4012 Genua
290 3941 417 4031 labant,
433 3946 559 4032 gelidus
571 3944 733 4012 concrevit
748 3944 863 4030 frigore
880 3947 1022 4032 sanguis.
1154 3945 1219 4012 905

1171 4130 1194 4171 p
