2898 4518
496 353 667 399 susumus
691 353 756 401 LIB.
784 353 842 400 vn.

132 511 301 578 Natorum
317 511 455 598 Tyrrhei
468 511 576 577 trema
591 513 650 597 qui
665 513 839 596 maximus,
854 511 952 578 Almo

135 617 329 685 Sternit-ur:
353 617 462 683 haesit
477 616 565 681 enim
581 617 642 681 sub
657 625 792 702 gutture
808 617 937 702 vulnus,
956 625 990 682 et
1006 618 1091 683 udae

134 721 238 788 Vocis
253 723 316 788 iter
331 731 530 806 tenuemque
547 721 679 786 inclusit
697 723 853 808 sanguine
869 724 982 790 vitam.

135 827 283 912 Corpora
298 828 406 892 multa
421 827 529 891 virum
546 825 640 910 circa,
658 827 827 911 seniorque
844 826 1012 912 Galaesus,
1135 830 1201 894 535

134 934 232 998 Dum
248 933 322 1018 paci
336 933 482 999 medium
498 954 530 998 se
546 931 649 1017 offert,
663 932 865 1018 justissimus
880 955 966 1000 unus
1072 978 1076 985 -

134 1039 204 1120 Qui
218 1038 285 1103 fuit
301 1037 519 1122 Ausoniisque
535 1037 614 1102 olim
630 1037 812 1103 ditissimus
828 1039 933 1105 arvis:

134 1144 292 1229 Quinque
307 1163 419 1229 greges
433 1143 484 1208 illi
498 1143 681 1227 balantum,
698 1143 799 1228 quina
815 1143 965 1208 redibant

134 1249 312 1333 Armenta,
329 1256 364 1313 et
379 1255 500 1312 terram
517 1255 651 1312 centum
666 1247 816 1313 vertebat
832 1249 955 1314 aratris.

205 1353 322 1439 Atque
337 1375 376 1418 ea
391 1375 449 1440 per
463 1374 595 1438 campos
611 1373 715 1438 aequo
731 1354 812 1418 durn
829 1354 937 1419 Marte
953 1363 1118 1441 geruntur,
1136 1354 1203 1421 540

135 1459 294 1525 Promissi
308 1459 370 1524 dea
383 1459 475 1523 facta
489 1465 615 1543 potens,
633 1458 690 1522 ubi
706 1458 862 1544 sanguine
878 1459 1001 1523 bellum

135 1565 266 1632 Imbuit
283 1573 317 1629 et
333 1563 459 1649 primae
474 1564 639 1629 commisit
653 1563 768 1636 funera
783 1585 922 1650 pugnae,

137 1671 272 1736 Deserit
288 1668 493 1754 Hesperiam,
512 1677 555 1753 et,
573 1669 654 1733 coeli
669 1691 820 1735 conversa
835 1693 892 1756 per
908 1693 1012 1755 auras,

101 1777 109 1784 ’
135 1777 161 1842 J
162 1798 306 1841 unonem
321 1775 441 1841 victrix
456 1775 578 1840 affatur
593 1796 669 1839 voce
685 1776 842 1861 superba:

137 1881 159 1913 “
172 1881 227 1945 En
242 1881 388 1967 perfecta
404 1880 467 1944 tibi
482 1880 567 1944 bello
583 1880 741 1945 discordia
756 1880 862 1948 tristi!
1134 1880 1200 1948 545

137 1987 160 2019 “
174 1986 248 2070 Dic,
265 1987 299 2050 in
315 1984 497 2050 amicitiam
512 1991 631 2050 codant
648 1993 682 2050 et
697 1985 826 2050 foedera
837 1985 982 2072 jungant
998 1992 1005 2054 l

138 2089 448 2174 “Quandoquidem
463 2088 609 2153 Ausonio
625 2089 762 2174 respersi
777 2090 933 2175 sanguine
950 2089 1101 2172 Teucros

138 2194 162 2228 “
176 2194 249 2259 Hoc
266 2194 366 2258 etiam
382 2193 433 2258 his
449 2194 579 2278 addam,
596 2201 656 2258 tua
672 2193 699 2258 si
715 2192 798 2258 mihi
813 2201 902 2258 certa
917 2195 1088 2262 voluntas:

138 2299 161 2333 “
172 2300 351 2364 Finitimas
366 2299 401 2364 in
416 2299 502 2364 bella
516 2298 617 2363 feram
633 2301 815 2365 rumoribus
831 2300 936 2384 urbes,

138 2406 160 2439 “
173 2406 427 2490 Accendamque
443 2405 567 2471 animos
583 2405 691 2471 insani
706 2405 824 2472 Martis
839 2427 955 2488 amore,
1137 2408 1202 2474 550

39 2499 42 2504 ’
138 2510 159 2543 “
175 2510 332 2595 Undique
347 2517 387 2575 ut
403 2509 526 2574 auxilio
541 2510 695 2592 veniant;
721 2533 873 2597 spargam
888 2534 980 2577 arma
997 2535 1055 2598 per
1070 2515 1191 2599 agros.''

138 2615 229 2680 Tum
245 2623 357 2680 contra
372 2614 396 2681 J
398 2636 463 2680 uno
476 2636 484 2680 :
512 2613 533 2647 “
547 2614 719 2680 Terrorum
734 2624 768 2680 et
783 2617 906 2683 fraudis
922 2617 1052 2683 abunde
1068 2627 1126 2685 est.

138 2722 160 2755 “
175 2722 277 2788 Stant
292 2720 370 2786 belli
386 2741 502 2785 causae
517 2741 526 2802 ;
551 2727 719 2806 pugnatur
734 2722 915 2788 comminus
932 2723 1052 2806 armis;

138 2828 266 2910 “Quae
282 2828 346 2893 fors
361 2826 468 2913 prima
482 2826 583 2908 dedit,
601 2826 734 2912 sanguis
749 2847 852 2893 novus
866 2828 988 2894 imbuit
1003 2849 1101 2895 arma.

138 2933 160 2966 “
176 2931 273 2997 Talia
289 2931 439 3017 conjugia
454 2921 590 2995 alares
606 2931 768 2996 celebrent
784 2931 978 3016 hymenaeos
1136 2935 1201 3000 555

137 3039 159 3071 “
174 3037 356 3124 Egregium
372 3036 509 3101 Veneris
524 3057 627 3122 genus
642 3044 676 3101 et
693 3057 750 3101 rex
764 3036 834 3122 ipse
849 3037 1000 3104 Latinus.

138 3143 160 3176 “
173 3142 222 3206 Te
239 3163 336 3227 super
351 3141 512 3207 aetherias
528 3162 629 3206 errare
644 3141 797 3208 licentius
812 3163 919 3226 auras,
1002 3189 1005 3196 1

137 3247 159 3280 “
174 3247 277 3312 Haud
294 3254 390 3332 pater
403 3246 458 3311 ille
473 3243 565 3329 velit,
583 3245 703 3312 summi
718 3253 869 3333 regnator
888 3243 1044 3330 Olympi.

137 3351 260 3417 “Cede
275 3351 361 3418 locis.
408 3352 490 3438 ugo,
507 3352 535 3418 si
550 3373 616 3437 qua
631 3373 729 3439 super
742 3353 874 3418 fortuna
888 3353 1036 3418 laborum
1053 3359 1113 3437 cst,

138 3457 254 3543 “Ipsa
270 3460 409 3544 regam.''
457 3457 554 3523 Tales
570 3459 703 3524 dederat
721 3458 875 3525 Saturnia
890 3478 984 3524 voces
998 3479 1008 3542 ;
1138 3461 1204 3526 560

136 3563 203 3630 llla
218 3571 331 3628 autem
346 3563 471 3629 attollit
487 3563 663 3629 stridentes
678 3563 840 3648 anguibus
856 3564 936 3648 alas,

138 3669 321 3754 Cocytique
337 3669 422 3754 petit
438 3670 560 3753 sedem,
577 3689 695 3754 supere
710 3668 811 3732 ardua
825 3667 985 3754 linquens.

137 3775 203 3840 Est
218 3775 311 3840 locus
327 3773 445 3838 Italiae
461 3773 568 3838 medio
584 3775 645 3839 sub
661 3773 829 3838 montibus
843 3773 933 3860 altis,

138 3878 270 3946 Nobilis
287 3886 322 3942 et
337 3876 427 3942 fama
441 3877 557 3943 multis
574 3884 772 3943 memoratus
787 3877 823 3942 in
837 3878 910 3963 oris,

137 3981 320 4055 Amsancti
334 3983 457 4066 valles;
482 3983 590 4049 densis
605 3981 692 4048 hunc
709 3981 876 4050 frondibus
893 3992 1003 4050 atrum
1139 3987 1205 4054 565
