2944 4522
535 303 708 352 1111111111
731 305 796 352 nm.
820 307 852 354 x.
1172 283 1237 354 221

171 465 317 552 Jamque
332 466 369 531 in
383 471 566 552 conspectu
582 463 724 530 Teucros
739 464 840 531 habet
855 473 889 530 et
905 486 964 531 sua
979 473 1098 549 castre,
1172 466 1239 531 260

175 571 277 638 Stans
293 571 380 637 celsa
394 571 431 636 in
446 569 571 656 puppi:
597 569 739 656 clipeum
755 591 859 656 quum
873 570 991 636 deinde
1008 571 1139 636 sinistra

175 677 312 742 Extulit
328 678 507 743 ardentem.
555 675 740 743 Clamorem
755 677 797 742 ad
814 676 919 742 sidera
935 676 1060 742 tollunt

174 783 383 848 Dardanidae
399 804 417 847 c
433 781 555 848 muris:
580 805 654 868 spes
669 782 785 847 addita
801 783 939 848 suscitat
954 783 1018 849 iras
1032 805 1041 867 ;

175 889 256 955 Tela
270 910 374 954 manu
385 888 535 974 jaciunt:
561 889 674 973 quales
690 889 751 954 sub
767 889 909 955 nubibus
925 891 1005 956 atris

177 993 383 1079 Strymoniae
399 995 482 1059 dant
498 993 591 1080 rigna
607 1015 714 1080 grues,
731 1003 832 1081 atque
848 995 980 1061 aethera
995 1004 1133 1062 tranant
1171 999 1237 1065 265

175 1099 262 1166 0111
278 1100 398 1184 sonitu,
414 1100 612 1186 fugiuntque
628 1099 733 1166 Notos
749 1102 890 1167 clamore
906 1104 1055 1170 secundo.

173 1208 223 1273 At
239 1207 367 1274 Rutulo
383 1206 452 1292 regi
466 1205 669 1291 ducibusque
685 1227 724 1270 oa
738 1206 821 1271 mira
836 1207 940 1273 videri

173 1313 338 1397 Ausoniis,
355 1313 458 1378 donec
472 1333 580 1378 versas
596 1313 639 1378 ad
654 1312 751 1378 litora
767 1333 894 1398 puppes

174 1419 380 1504 Respiciunt,
397 1425 573 1504 totumque
588 1417 689 1484 allabi
704 1417 860 1484 classibus
875 1439 1001 1504 aequor.

175 1524 281 1590 Ardet
297 1546 382 1610 apex
398 1523 510 1609 capiti,
527 1523 700 1609 cristisque
715 1545 736 1588 1
751 1524 871 1590 vertice
887 1525 1023 1590 flamma
1170 1523 1237 1594 270

173 1629 354 1714 Funditur,
372 1637 405 1695 11
417 1637 526 1695 vastos
540 1630 641 1694 umbo
656 1622 760 1694 vdmit
775 1651 886 1695 aereus
901 1631 1013 1716 ignes:

173 1735 250 1800 Non
266 1756 359 1801 secur
375 1755 414 1800 ac
429 1733 555 1819 liquida
571 1734 598 1800 si
613 1735 744 1819 quando
759 1744 853 1800 nocte
870 1743 1016 1802 cometae

175 1841 354 1926 Sanguinei
369 1841 506 1926 lugubre
518 1837 652 1924 rubent,
669 1849 728 1905 aut
746 1840 849 1906 Sirius
865 1843 970 1925 ardor,

173 1946 236 2010 1111
252 1945 343 2011 sitim
358 1945 549 2030 morbosque
564 1943 668 2010 ferens
684 1945 876 2010 mortalibus
891 1945 1006 2032 aegris,

173 2051 332 2116 Nascitur
347 2057 382 2115 ct
397 2049 490 2116 laevo
505 2050 679 2116 contristat
694 2049 818 2114 lumine
834 2049 970 2116 coelum.
1172 2046 1238 2117 275

174 2154 277 2220 Haud
292 2162 406 2220 tamen
421 2155 539 2222 audaci
554 2155 666 2220 Turno
681 2155 802 2221 fiducia
819 2155 916 2219 cessit

174 2260 287 2326 Litora
302 2259 497 2347 praecipere,
514 2267 549 2325 et
563 2259 732 2325 venientes
747 2259 865 2344 pellere
881 2265 978 2325 terra.

135 2369 145 2388 ⁶
181 2361 437 2448 [Ultro'animos
452 2364 542 2429 tollit
558 2363 666 2448 dictis,
683 2371 784 2448 atque
801 2362 1086 2449 111111111111111

177 2470 306 2551 “Quod
318 2469 404 2535 votis
420 2469 571 2554 optastis,
588 2469 693 2554 adest,
711 2468 907 2554 perfringere
923 2469 1047 2534 dextra.

176 2573 197 2608 “
209 2574 251 2638 In
267 2572 419 2638 manibus
435 2573 524 2639 Mars
539 2573 619 2659 ipse,
637 2572 705 2640 viri.
752 2571 850 2638 Nunc
867 2571 1010 2659 conjugis
1026 2580 1095 2638 esto
1172 2573 1238 2637 280

177 2676 357 2762 “Quisque
372 2699 450 2743 suae
466 2677 611 2762 tectique
627 2697 751 2742 memor
760 2697 769 2759 ;
794 2697 881 2741 nunc
897 2699 1018 2762 magna
1033 2677 1149 2742 referto

178 2781 200 2813 “
214 2781 330 2866 Facta,
348 2787 483 2867 patrum
497 2780 621 2848 laudes.
669 2781 768 2846 Ultro
785 2801 990 2846 occurramus
1006 2782 1048 2846 ad
1063 2781 1200 2863 undam,

176 2885 302 2952 “Dum
319 2886 439 2972 trepidi
455 2885 636 2972 egressique
651 2885 767 2950 labant
784 2885 921 2972 vestigia
936 2885 1050 2971 prima.

177 2990 384 3056 “Audentes
400 2991 550 3057 Fortuna
560 2991 690 3076 juvatss'

176 3096 266 3162 Haec
283 3097 341 3180 ait,
360 3105 394 3161 et
410 3117 522 3162 secum
536 3102 655 3181 versat,
674 3117 753 3180 quos
769 3097 887 3162 ducere
903 3103 1027 3178 contra,
1172 3095 1238 3162 285

175 3199 238 3265 Vel
254 3199 373 3285 quibus
388 3200 530 3265 obsessos
545 3199 648 3284 possit
663 3201 851 3265 concredere
866 3220 983 3264 muros.

242 3304 374 3370 Interea
390 3303 520 3369 Aeneas
535 3304 636 3370 socios
652 3305 692 3370 de
708 3305 877 3390 puppibus
892 3302 971 3367 11111

176 3409 339 3476 Pontibus
354 3409 499 3495 exponit.
546 3409 648 3474 Multi
664 3430 790 3475 servare
807 3428 954 3474 recursus

178 3514 379 3602 Languentis
394 3513 514 3600 pelagi,
532 3521 566 3579 et
580 3514 733 3580 brevibus
749 3535 782 3580 se
798 3513 926 3578 credere
941 3511 1050 3594 saltu3

176 3621 239 3685 Per
255 3641 360 3685 remos
377 3619 442 3687 1111.
490 3620 687 3705 Speculatus
701 3619 799 3684 litora
816 3617 977 3700 Tarchon,
1172 3619 1240 3684 290

176 3727 248 3808 Qua
263 3726 349 3791 vada
367 3745 431 3788 non
447 3725 572 3811 spirant
587 3746 647 3790 nec
663 3724 768 3789 fracta
783 3730 1003 3789 remurmurat
1019 3725 1119 3809 undo,
1197 3747 1201 3758 ·

176 3832 240 3898 Sed
256 3852 347 3896 marc
363 3829 558 3896 inoffensum
574 3829 731 3896 crescenti
746 3827 902 3894 allabitur
916 3837 1021 3914 aestu,

174 3937 330 4004 Advertit
347 3935 456 4002 subito
472 3959 591 4023 proras,
609 3936 773 4022 sociosque
789 3942 961 4022 precatur:
