2838 4522
473 333 645 380 Anunlnos
667 333 731 382 LIB.
757 335 778 382 1.

98 489 118 522 “
128 488 239 557 Litora
250 489 401 577 jactetur
416 493 497 557 odiis
511 492 536 557 J
536 459 661 558 unonrl
668 493 810 578 iniquae,

98 593 119 626 “
129 595 217 676 Nota
231 596 309 681 tibi,
328 604 362 662 et
378 603 488 662 nostro
504 595 639 662 doluisti
655 617 749 681 saepe
765 597 880 664 dolore.

98 697 117 730 “
128 698 224 765 Hunc
237 699 422 765 Phoenissa
437 707 529 765 tenet
546 699 632 764 Dido
644 699 839 785 blandisque
855 709 1001 767 moratur
1092 699 1158 770 670

97 802 116 834 “
129 803 284 889 Vocibus,
302 812 338 870 et
353 826 471 888 vereor,
485 804 550 891 quo
566 825 598 869 se
614 803 638 868 J
640 803 762 870 unonia
778 813 910 870 vertant

97 907 116 943 “
127 908 303 995 Hospitia:
328 909 419 975 haud
434 917 528 974 tanto
545 909 683 974 ceaeabit
700 909 830 974 cardine
846 931 961 978 rerum.

97 1011 286 1094 “Quocirca
303 1035 418 1100 capere
434 1007 512 1078 ante
529 1013 611 1080 dolis
626 1020 661 1078 et
677 1013 803 1099 ningere
820 1003 956 1079 flamma*

97 1117 293 1204 “Reginam
308 1119 457 1204 meditor,
474 1141 515 1184 ne
532 1101 595 1204 qub
611 1140 645 1184 se
661 1119 796 1184 numine
812 1126 932 1203 mutet,

97 1221 192 1290 “Sed
206 1247 330 1312 magno
344 1224 477 1290 Aeneae
492 1245 624 1289 mecum
638 1229 790 1290 teneatur
805 1245 922 1291 amore.
1092 1225 1156 1293 675

97 1327 198 1410 “Qua
212 1331 322 1396 facere
337 1331 373 1396 id
387 1331 500 1419 possis,
517 1338 664 1395 nostram
678 1351 767 1394 nunc
783 1331 893 1416 accipe
908 1341 1055 1396 mentem
1070 1355 1077 1398 :

98 1432 251 1520 “Regius
267 1435 379 1500 accitu
394 1435 461 1500 cari
474 1433 629 1520 genitoris
645 1435 688 1499 ad
703 1435 819 1499 urbem

98 1536 294 1604 “Sidoniam
311 1561 393 1626 puer
407 1539 452 1604 ire
467 1547 574 1625 parat,
592 1559 665 1603 mea
680 1538 825 1607 maxima
842 1561 929 1624 cura,

99 1641 118 1674 “
131 1643 225 1709 Dona
240 1644 348 1710 ferens
363 1644 479 1730 pelago
496 1652 530 1708 et
545 1642 687 1708 flammis
703 1643 863 1710 restantia
881 1645 996 1731 Trojae
1012 1669 1019 1712 ε

98 1745 117 1778 “
128 1747 225 1814 Hunc
242 1771 303 1836 ego
320 1747 464 1834 sopitum
482 1771 594 1815 somno
610 1769 707 1834 super
721 1749 791 1814 alta
808 1749 951 1835 Cythera
1086 1756 1152 1819 680

85 1851 117 1924 ,“
128 1851 198 1918 Aut
214 1875 315 1950 super
330 1853 475 1918 Idalium
491 1860 617 1918 sacrata
633 1853 707 1918 sede
723 1855 907 1939 recondam,

99 1948 259 2044 “Neque
275 1958 355 2024 scire
371 1959 459 2024 dolos
474 1959 640 2024 mediusve
656 1979 820 2024 occurrere
836 1961 938 2044 possit
954 1983 962 2042 ;

99 2060 118 2092 “
129 2061 179 2127 'lu
193 2064 312 2130 faciem
326 2065 416 2130 illius
431 2070 562 2129 noctem
576 2085 641 2128 non
657 2064 800 2149 amplius
814 2085 918 2129 unam

100 2165 119 2198 “
130 2167 220 2235 Folle
235 2169 318 2254 dolo,
336 2177 370 2234 et
385 2169 587 2255 notos-pueri
603 2189 684 2254 puer
698 2169 798 2234 indue
814 2170 937 2254 vultus,

100 2269 120 2302 “
130 2271 188 2357 Ut,
205 2296 311 2360 quum
326 2282 360 2339 te
376 2274 497 2360 gremio
513 2273 652 2360 accipiet
667 2273 848 2338 laetissima
864 2273 952 2340 Dido
1091 2265 1155 2344 6'85

100 2375 119 2406 “
128 2377 263 2464 Regales
279 2378 368 2443 inter
382 2398 512 2444 mensas
527 2377 724 2464 laticemque
739 2376 898 2463 Lyaeum,

100 2479 236 2562 “Quum
251 2483 346 2550 dabit
361 2483 532 2569 amplexus
548 2489 650 2568 atquo
664 2484 773 2548 oscula
788 2483 898 2550 dulcia
913 2486 1004 2572 figet,
1123 2473 1125 2480 ¹

100 2585 118 2617 “
132 2586 310 2654 Occultum
324 2587 460 2678 inspires
475 2587 587 2675 ignem
601 2587 760 2674 fallasque
776 2593 931 2656 venen0.’'

99 2689 190 2757 Paret
206 2694 312 2761 Amor
323 2693 420 2759 dictis
436 2715 529 2758 carae
545 2693 727 2779 genetricis,
745 2701 779 2758 et
795 2693 865 2761 alas
1223 2749 1231 2764 .

97 2794 205 2884 Exuit,
223 2807 260 2864 et
276 2819 389 2883 gressu
404 2800 550 2886 gaudens
564 2798 688 2890 incedit
704 2798 782 2866 Iuli.
1090 2805 1156 2870 690

97 2899 141 2966 At
155 2903 275 2970 Venus
288 2904 430 2970 Ascanio
446 2903 610 2994 placidam
625 2925 684 2990 per
697 2905 845 2971 membra
861 2905 1007 2992 quietem

97 3003 220 3094 irrigat,
242 3016 276 3074 et
291 3007 399 3074 fotum
414 3001 535 3094 gremio
550 3009 612 3074 dea
626 3008 714 3074 tollit
730 3009 766 3074 in
782 3010 865 3076 altos

97 3110 213 3180 Idaliae
230 3115 332 3199 lucos,
349 3114 407 3180 ubi
421 3114 530 3180 mollis
546 3135 715 3180 amaracus
730 3115 842 3180 illum'

96 3212 244 3284 Floribus
260 3225 294 3283 et
310 3217 398 3284 dulci
414 3217 583 3305 adspirans
600 3218 834 3305 complectitur
848 3218 974 3284 umbra.

96 3317 238 3408 Jamque
253 3322 335 3408 ibat,
353 3323 441 3388 dieto
458 3343 586 3408 parens,
603 3329 637 3388 et
653 3323 738 3388 dona
754 3321 883 3408 Cupido
1091 3326 1156 3391 695

97 3421 196 3512 Regia
212 3427 369 3513 portabat
386 3425 502 3512 Tyriis,
519 3427 603 3492 duce
619 3426 729 3491 laetus
744 3425 885 3512 Achate.
964 3469 970 3478 ·

98 3526 201 3608 Quum
219 3529 321 3614 venit,
338 3531 461 3596 aulacis
472 3530 543 3616 jam
560 3553 593 3597 se
609 3529 722 3617 regina
738 3527 887 3614 superbis

98 3631 200 3702 Aurea
218 3636 403 3722 composuit
419 3637 544 3722 sponda
558 3636 764 3720 mediamque
779 3633 922 3718 locavit;
986 3697 987 3700 ,

97 3736 170 3804 dam
185 3749 283 3830 pater
299 3735 429 3806 Aeneas
445 3747 478 3806 et
491 3740 562 3826 jam
578 3740 719 3826 Trojana
730 3739 890 3828 juventus

99 3843 313 3931 Conveniunt,
331 3853 498 3931 stratoque
515 3867 611 3932 super
626 3846 845 3912 discumbitur
860 3853 957 3913 ostro.
1093 3846 1159 3914 700
1203 3859 1204 3862 ’

100 3948 355 4020 Dantmanibus
370 3952 488 4017 famuli
502 3953 665 4038 lymphas,
685 3952 901 4039 Cereremque
917 3951 1069 4018 canistris
