2944 4522
522 345 693 394 Anuumos
716 347 781 394 LlB.
807 347 854 395 XI.

162 505 246 570 “At
263 527 330 570 non
345 504 381 569 in
397 504 558 570 Venerem
575 527 689 592 segnes
704 514 928 590 nocturnaque
942 506 1040 590 bella,

162 611 184 643 “
197 612 281 691 Aut,
299 611 358 675 ubi
373 632 473 676 curva
489 611 602 676 choros
615 611 737 676 indixit
754 611 837 676 tibia
855 610 987 694 Bacchi,

163 702 398 801 “Exspectare
414 717 514 801 dapes
530 724 564 782 et
580 717 695 802 plenae
711 717 827 802 pocula
840 737 992 782 mensae-

163 820 263 885 “Hic
281 841 380 902 amor,
393 820 454 886 hoc
470 820 657 904 studium,
673 821 754 885 dum
766 842 857 886 sacra
873 821 1034 886 secundus
1048 821 1213 908 haruspex

163 925 183 957 “
197 925 350 1007 Nuntiet,
369 947 406 990 ac
422 925 512 989 lucos
528 933 619 990 vocet
634 925 741 990 hostia
758 924 888 1010 pinguis
904 925 939 990 in
954 925 1069 992 altos.”
1160 922 1226 993 740

162 1031 254 1094 Haec
271 1029 400 1114 effatus,
418 1050 539 1115 equum
555 1029 590 1094 in
605 1029 739 1112 medios,
758 1030 934 1094 moriturus
950 1029 1079 1114 etipse,

114 1141 120 1152 ‘
162 1133 327 1219 Concitet,
344 1141 377 1199 et
395 1133 524 1199 Venulo
540 1135 712 1200 adversum
729 1157 762 1200 se
779 1134 931 1200 turbidus
948 1133 1053 1220 offert,

161 1238 411 1324 Dereptumque
426 1238 468 1302 ab
484 1258 567 1324 equo
583 1239 700 1304 dextra
717 1239 948 1324 complectitur
962 1239 1100 1324 hostem,

160 1341 207 1405 Et
223 1341 384 1425 gremium
400 1347 477 1406 ante
493 1363 591 1407 suum
606 1342 714 1406 multa
729 1341 762 1408 vi
777 1343 924 1408 concitus
940 1343 1056 1410 aufert.

162 1447 305 1513 Tollitur
320 1447 355 1512 in
371 1448 498 1513 coelum
514 1449 643 1531 clamor,
662 1449 839 1534 cunctique
855 1449 969 1514 Latini
1157 1446 1224 1520 745

161 1555 354 1620 Convertere
370 1554 487 1621 oculos.
537 1553 638 1620 Volat
653 1555 767 1640 igneus
784 1576 920 1640 aequore
938 1555 1098 1640 Tarchon,

160 1658 264 1724 Arma
279 1658 450 1744 virumque
465 1659 582 1744 ferens,
599 1666 675 1724 tum
690 1682 818 1725 summa
833 1660 935 1746 ipsius
951 1661 993 1726 ab
1008 1661 1108 1726 basta

162 1763 326 1850 Defringit
340 1763 472 1848 ferrum,
488 1771 522 1828 et
538 1773 648 1850 partes
664 1765 803 1829 rimatur
818 1772 960 1851 apertas,

161 1868 235 1948 Qua
250 1869 369 1933 vulnus
384 1868 481 1933 letale
495 1868 598 1951 ferat;
623 1876 737 1934 contra
751 1869 805 1934 ille
821 1891 1006 1955 repugnans

164 1972 312 2039 Sustinet
328 1972 476 2058 ajugulo
492 1974 656 2059 dextram,
673 1981 707 2038 et
723 1974 791 2038 vim
808 1974 930 2039 viribus
946 1974 1025 2041 exit.
1154 1973 1221 2044 750
1350 2033 1352 2038 .

158 2077 274 2163 thue
289 2077 402 2144 volans
418 2079 484 2144 alte
500 2087 633 2166 raptum
649 2100 751 2164 quum
767 2079 857 2144 fulva
872 2081 1044 2145 draconem

157 2183 238 2248 Fert
255 2185 379 2269 aquila,
396 2184 625 2270 implicuitque
641 2185 748 2271 pedes,
766 2193 866 2270 atque
883 2185 1049 2271 unguibus
1065 2187 1192 2269 haesit;

158 2288 297 2354 Saucius
312 2297 348 2354 at
364 2310 494 2374 serpens
510 2289 640 2356 sinuosa
656 2291 823 2356 volumina
840 2299 958 2374 versat,

156 2391 367 2478 Arreotisquc
383 2393 491 2459 horret
508 2395 665 2479 squamis,
683 2403 716 2460 et
734 2395 846 2460 sibilat
862 2417 926 2481 ore,

156 2497 291 2563 Arduus
306 2497 477 2584 insurgens
492 2521 500 2582 ;
525 2501 583 2566 illa
597 2501 688 2566 haud
703 2501 812 2567 minus
827 2509 946 2587 urguet
961 2502 1087 2568 obunco
1155 2499 1221 2571 755

161 2600 363 2667 Luctantem
379 2610 493 2689 rostro,
511 2605 610 2670 simul
625 2605 759 2670 aethera
775 2606 922 2671 verberat
938 2605 1018 2674 alis:

156 2706 258 2772 Hand
274 2707 370 2773 aliter
385 2711 541 2794 praedam
558 2710 738 2775 Tiburtum
754 2733 794 2775 ex
810 2711 939 2797 agmine
957 2712 1108 2779 Tarchon

159 2813 277 2878 Portat
292 2836 399 2880 ovans.
447 2815 550 2880 Ducis
567 2815 755 2900 exemplum
771 2825 990 2901 eventumque
1007 2819 1112 2884 secuti

155 2918 346 2983 Maeonidae
361 2918 541 2986 incurrunt.
589 2920 678 2984 Tum
692 2919 769 2986 fatis
784 2922 914 2988 debitus
930 2922 1057 2988 Arru'ns

157 3023 312 3090 Velocem
323 3023 432 3110 jaculo
448 3032 481 3090 et
497 3025 605 3090 multa
621 3025 707 3110 prior
723 3033 792 3090 arte
810 3026 984 3092 Camillam
1153 3023 1221 3093 '760

157 3129 295 3214 Circuit,
312 3138 356 3214 et,
373 3152 459 3216 quae
476 3131 519 3196 sit
533 3132 665 3197 fortuna
680 3131 847 3217 facillima,
865 3138 983 3198 tentat.

155 3235 228 3315 Qua
245 3257 277 3300 se
293 3256 435 3320 cumque
449 3234 560 3302 furens
576 3236 682 3302 medio
698 3237 779 3302 tulit
795 3237 924 3323 agmine
939 3236 1039 3322 virgo,

157 3337 231 3402 Hac
246 3337 374 3404 Arruns
391 3340 479 3406 subit
496 3347 530 3405 et
545 3339 671 3406 tacitus
687 3339 827 3426 vestigia
841 3341 963 3420 lustrat
977 3359 986 3422 ;

153 3443 230 3524 Qua
245 3443 366 3508 victrix
381 3445 466 3509 redit
482 3444 539 3510 illa
555 3445 738 3530 pedemque
753 3467 794 3510 ex
809 3445 903 3510 hoste
920 3452 1076 3531 reportat,

152 3549 229 3613 Hac
242 3548 374 3634 juvenis
389 3550 507 3615 furtim
523 3551 641 3616 celeres
656 3552 829 3636 detorquet
844 3551 996 3618 habenas.
1153 3549 1219 3622 765

150 3653 223 3720 Hos
239 3655 364 3733 aditus,
377 3655 512 3742 jamque
528 3657 587 3722 hos
603 3657 715 3722 aditus
731 3678 924 3742 omnemque
940 3665 1086 3743 pererrat

151 3759 313 3846 Undique
330 3760 513 3846 circuitum,
530 3769 564 3827 et
580 3769 705 3827 certam
720 3762 830 3846 quatit
845 3761 1011 3854 improbus
1026 3763 1167 3830 hastam.

149 3866 253 3932 Forte
270 3887 361 3932 sacer
377 3865 518 3951 Cybelae
535 3866 701 3950 Chloreus,
717 3867 860 3952 olimque
877 3870 1033 3954 sacerdos,

149 3973 295 4060 Insignis
310 3971 407 4058 longe
423 3971 575 4060 Phrygiis
589 3973 739 4061 fulgebat
753 3973 789 4040 in
804 3975 914 4062 armis,
