2898 4518
250 317 315 382 140
606 329 777 376 animnos
799 330 863 376 nra.
889 328 934 378 vr.

247 493 345 559 Hunc
361 492 470 575 hahet,
487 498 588 576 atque
603 488 748 554 humeris
763 495 952 553 exstantem
968 487 1105 572 suspicit
1120 487 1228 554 altis:

247 599 268 632 “
282 599 403 682 Dicite,
419 598 528 662 felices
543 596 683 679 animae,
700 602 814 680 tuque,
831 595 956 679 optimc
971 599 1074 676 vates,

246 703 373 784 “Quae
389 701 474 786 regio
490 699 669 782 Anchisen,
686 699 759 784 quis
775 698 875 762 habet
890 697 1008 762 locus?
1033 695 1121 760 illius
1136 717 1211 781 ergo
1244 691 1311 762 670

246 807 440 872 “Venimus
456 813 490 870 et
505 826 640 890 magnos
656 803 754 868 Erebi
770 801 973 867 tranavimus
989 802 1128 866 amnes.''

245 913 359 998 Atque
374 911 451 977 huic
467 931 659 995 responsum
676 908 790 994 paucis
806 908 856 973 ita
872 907 1012 972 reddidit
1026 906 1141 972 heros:

247 1015 374 1080 “Nulli
390 1023 479 1080 certa
490 1015 626 1095 domus;
650 1013 732 1078 lucis
744 1012 934 1077 habitamus
950 1011 1082 1096 opacis,-

246 1122 266 1153 “
281 1121 507 1206 Riparumque
523 1128 609 1184 toros
624 1126 658 1184 et
675 1126 771 1205 prata
787 1119 927 1184 recentia
943 1118 1018 1184 rivis

246 1227 267 1258 “
282 1227 470 1293 Incolimus.
519 1225 582 1292 Sed
598 1246 664 1308 vos,
682 1225 710 1290 si
725 1225 788 1290 fert
803 1224 851 1289 ita
867 1226 962 1290 corde
978 1225 1141 1308 voluntas,
1246 1221 1309 1290 675

246 1331 352 1397 “Hoc
369 1339 520 1417 superate
531 1329 670 1417 jugum;
696 1339 730 1396 et
744 1330 834 1396 facili
845 1330 916 1415 jam
930 1329 1066 1395 tramite
1083 1329 1229 1395 sistam.'’

245 1437 351 1521 Dixit,
368 1445 402 1501 et
417 1443 495 1501 ante
510 1436 591 1500 tulit
606 1457 762 1522 gressum,
780 1455 975 1521 camposque
991 1435 1136 1500 nitentes

248 1543 395 1628 Desuper
409 1547 574 1623 ostentat;
599 1541 717 1606 dehinc
733 1562 862 1606 summa
877 1541 1046 1606 cacumina
1060 1539 1227 1624 linquunt.

245 1646 294 1711 At
310 1653 406 1731 pater
421 1645 583 1711 Anchises
598 1645 730 1730 penitus
746 1646 889 1710 convalle
905 1645 1025 1710 virenti

245 1753 394 1818 Inclusas
409 1751 534 1816 animas
550 1771 769 1836 superumque
785 1752 827 1816 ad
843 1750 956 1816 lumen
970 1750 1074 1814 ituras
1244 1748 1312 1814 680

244 1855 426 1921 Lustrabat
442 1854 551 1920 studio
566 1856 718 1939 recolens,
736 1875 931 1940 omnemque
947 1875 1080 1920 suorum

244 1959 343 2025 Forte
359 1960 546 2026 recensebat
561 1981 735 2026 numerum
751 1981 905 2045 carosque
922 1966 1067 2044 nepotes,

244 2065 396 2151 Fataque
411 2065 624 2151 fortunasque
639 2065 747 2130 virum
762 2086 930 2151 moresque
945 2085 1136 2149 manusque.

244 2169 343 2254 Isque
358 2170 417 2236 ubi
432 2171 624 2236 tendentem
640 2171 811 2236 adversum
827 2193 885 2256 per
899 2169 1047 2256 gramina
1061 2167 1148 2234 vidit

245 2275 390 2360 Aenean,
408 2275 524 2341 alacris
539 2275 667 2362 palmas
683 2283 838 2361 utrasque
855 2275 1008 2359 tetendit,
1247 2275 1314 2340 685

244 2379 444 2466 Effusaeque
460 2380 551 2467 genis
566 2381 729 2466 lacrimae,
747 2389 780 2446 et
796 2403 859 2446 vox
875 2380 997 2445 excidit
1014 2400 1088 2446 ore:

246 2483 415 2550 “Venisti
431 2485 575 2569 tandem,
591 2491 717 2570 tuaque
733 2492 925 2570 exspectata
940 2483 1069 2570 parenti

244 2589 264 2621 “
279 2589 369 2654 Vicit
384 2589 450 2654 iter
464 2590 584 2654 durum
600 2589 734 2675 pietas?
759 2590 858 2654 datur
873 2610 926 2652 ora
942 2587 1037 2672 tueri,

244 2695 263 2726 “
277 2694 375 2780 Nate,
394 2703 464 2780 tua,
482 2703 515 2760 ct
532 2703 626 2760 notas
642 2694 759 2762 audire
771 2703 804 2758 ct
820 2695 951 2758 reddere
967 2695 1087 2759 voces?

244 2801 264 2832 “
279 2801 331 2867 sic
348 2801 500 2886 equidem
516 2801 678 2866 ducebam
692 2800 807 2865 animo
818 2800 975 2884 rebarque
991 2799 1154 2882 futurum,
1244 2801 1311 2866 690

244 2907 264 2939 “
282 2906 446 2992 Tempora
461 2905 680 2990 dinumerans,
697 2927 757 2970 nec
773 2927 825 2970 me
840 2927 914 2970 mea
930 2927 1007 2970 cura
1023 2904 1146 2971 fefellit.

243 3011 264 3044 “
278 3012 366 3093 Quas
382 3033 440 3098 ego
456 3017 490 3075 te
506 3020 606 3077 terras
621 3019 655 3076 et
671 3019 797 3096 quanta
812 3032 871 3096 per
886 3031 1026 3095 aequora
1040 3018 1174 3075 vectum

244 3117 411 3203 “Accipio
424 3122 431 3184 t
447 3116 591 3203 ⁴quantis
603 3115 779 3202 jactatum,
797 3125 885 3201 nate,
903 3117 1031 3202 periclis
1047 3121 1055 3184 l

244 3225 264 3258 “
279 3225 384 3306 Quam
402 3225 516 3310 metui,
533 3246 573 3289 ne
590 3224 668 3309 quid
684 3223 806 3309 Libyae
822 3223 887 3288 tibi
901 3245 1001 3310 regna
1016 3227 1191 3290 nocerent!
1204 3224 1225 3252 '’

242 3329 303 3395 Ille
319 3337 449 3395 autem:
477 3329 498 3362 “
513 3329 586 3394 Tua
600 3350 665 3412 me,
682 3329 819 3414 genitor,
832 3335 893 3394 tua
909 3328 1012 3394 tristis
1028 3328 1147 3413 imag0,
1243 3329 1310 3395 695

244 3433 415 3520 “Saepius
431 3456 607 3517 occurrens,
624 3434 705 3499 haec
720 3435 837 3499 limina
853 3435 986 3499 tendere
1002 3433 1123 3520 adegit.

244 3536 379 3604 “Stant
402 3540 469 3604 sale
500 3538 666 3623 Tyrrheno
683 3538 808 3604 classes.
858 3538 913 3602 Da
924 3538 1058 3623 jungere
1074 3538 1240 3623 dextram,
1274 3536 1278 3542 ’

244 3643 265 3676 “
279 3644 341 3728 Da,
358 3643 495 3730 genitor,
513 3649 612 3728 teque
629 3645 785 3729 amplexu
800 3664 840 3707 ne
858 3642 1013 3708 subtrahe
1028 3644 1172 3708 nostro.”

244 3748 297 3816 Sic
313 3768 494 3812 memorans
509 3747 599 3832 largo
614 3747 698 3813 fletu
714 3747 812 3813 simul
828 3769 884 3812 ora
900 3747 1035 3832 rigabat.

243 3853 310 3918 Ter
324 3859 461 3918 conatus
476 3851 523 3916 ibi
539 3852 619 3917 collo
635 3854 712 3918 dare
727 3851 860 3917 brachia
875 3852 1019 3934 circum;
1241 3850 1306 3920 700

244 3958 309 4022 Ter
323 3957 444 4022 frustra
460 3977 648 4041 comprensa
663 3979 780 4023 manus
795 3956 912 4043 effugit
927 3956 1046 4044 imago,
