2838 4522
478 315 649 364 snuurnos
671 316 737 366 mn.
762 315 810 363 111.
1133 297 1176 362 69
1253 304 1259 315 ’

120 477 296 544 “Numina
312 477 487 562 sortitique
503 477 600 561 vices,
616 497 684 541 una
698 475 843 562 undique
859 474 984 540 choum

120 583 140 617 “
151 584 344 667 Fundimur‚
362 590 396 648 et
413 583 479 648 telo
495 582 609 646 lumen
623 579 826 645 terebramus
842 585 951 663 acuto,
1111 577 1177 644 635

120 688 278 776 “Ingens
295 689 384 774 quod
398 694 492 753 torva
508 686 614 752 solum
631 685 691 751 sub
707 684 817 750 fronte
832 683 973 767 latebat,

120 791 293 878 “Argolici
309 790 405 877 clipei
420 796 481 855 aut
496 789 666 854 Phoebeae
681 788 843 873 lampadis
858 788 974 872 instar,

121 895 141 928 “
151 896 196 960 Et
211 897 347 962 tandem
362 894 445 960 laeti
462 893 621 960 sociorum
636 892 826 958 ulciscimur
840 891 981 956 umbras.

120 999 142 1031 “
156 999 218 1066 Sed
232 999 349 1086 fugite,
366 1020 385 1064 o
400 997 518 1082 miseri,
534 996 652 1086 fugite,
670 1003 771 1081 atque
787 996 829 1061 ab
844 995 938 1060 litore
952 995 1065 1060 funem

119 1103 328 1191 “Rumpite:
1111 1097 1176 1165 640

119 1207 138 1239 “
151 1208 253 1292 Nam,
269 1208 375 1295 qualis
391 1215 602 1294 quantusque
617 1227 696 1272 cavo
712 1205 933 1291 Polyphemus
948 1204 984 1269 in
999 1211 1092 1270 antro

120 1313 139 1345 “
151 1313 325 1401 lanigeras
341 1313 467 1378 claudit
483 1313 624 1398 pecudes
640 1317 741 1396 atque
756 1311 857 1376 ubera
871 1318 1012 1396 pressat,

120 1417 141 1450 “
153 1418 296 1484 Oentum
311 1418 368 1483 alii
383 1438 483 1482 curva
497 1417 578 1482 haec
593 1415 747 1480 habitant
763 1417 806 1481 ad
820 1415 916 1480 litora
930 1415 1028 1500 vulgo

120 1523 140 1556 “
152 1525 284 1591 Infandi
300 1525 455 1610 Cyclopes
471 1529 505 1588 et
521 1523 599 1588 altis
614 1521 782 1587 montibus
796 1529 914 1588 errant.

120 1629 263 1696 “Tertia
273 1631 346 1716 jam
357 1630 473 1696 Lunae
488 1650 522 1694 se
537 1649 659 1695 cornua
673 1617 797 1693 lumine
814 1627 989 1714 complent,
1111 1623 1177 1692 645

120 1735 261 1818 “Quum
275 1737 381 1800 vitam
396 1735 431 1800 in
447 1735 535 1801 silvis
550 1733 638 1798 inter
653 1734 779 1800 deserta
793 1733 935 1799 ferarum

121 1840 140 1873 “
151 1841 270 1908 Lustra
281 1842 458 1926 domosque
473 1840 579 1924 traho,
597 1845 770 1925 vastosque
786 1841 829 1904 ab
844 1859 924 1924 rupe
942 1836 1102 1923 Cyclopas

120 1945 140 1977 ‘¹
152 1945 328 2034 Prospicio,
346 1945 554 2030 sonitumque
570 1945 692 2029 pedum
707 1964 884 2028 vocemque
899 1943 1060 2009 tremisco.

121 2049 290 2118 “Victum
304 2049 476 2135 infelicem,
493 2051 611 2115 baccas
626 2049 838 2134 lapidosaque
855 2069 960 2133 corna,

120 2154 139 2188 “
152 2155 243 2222 Dant
258 2157 353 2241 rami,
370 2164 403 2221 et
418 2155 519 2222 vulsis
534 2163 676 2242 pascunt
691 2155 853 2220 radicibus
867 2154 994 2220 herbae.
1112 2153 1177 2218 650

121 2259 270 2327 “Omnia
287 2262 489 2345 collustrans,
506 2260 591 2326 hano
608 2259 754 2347 primum
769 2260 811 2324 ad
826 2259 922 2324 litora
938 2259 1075 2324 classem

121 2363 140 2398 “
152 2365 316 2453 Oonspcxi
330 2365 516 2432 venientem
530 2387 540 2449 ;
565 2365 642 2430 huic
657 2386 720 2450 me,
738 2385 964 2451 quaecumque
979 2363 1106 2448 fuisset,

121 2468 141 2501 “
153 2470 301 2538 Addixi:
326 2469 405 2535 satis
420 2477 470 2534 est
485 2477 620 2555 gentem
634 2468 785 2556 effugisse
800 2469 983 2536 nefandam.

122 2574 216 2641 “Vos
231 2575 378 2641 animam
393 2575 477 2640 hano
493 2575 603 2661 potius
619 2596 826 2660 quocumque
841 2574 1005 2640 absumite
1021 2575 1118 2642 leto.''

120 2678 185 2745 Vix
199 2679 345 2746 casatus
360 2686 440 2764 erat,
458 2700 584 2744 summo
601 2700 704 2764 quum
718 2686 829 2744 monte
843 2679 990 2746 videmus
1112 2681 1178 2748 655

120 2784 232 2870 Ipsum
246 2786 335 2850 inter
352 2785 493 2870 pecudes
508 2791 605 2850 vasta
621 2805 653 2850 se
670 2785 754 2850 mole
770 2793 955 2882 moventem

120 2890 289 2958 Pastorem
302 2891 544 2977 Polyphemum
560 2898 593 2955 et
608 2890 704 2956 litora
719 2898 798 2956 nota
814 2899 993 2977 petentem,
1080 2888 1177 2975 [tum.

120 2993 306 3062 Monstrum
329 2995 536 3080 horrendum,
552 2995 698 3080 informe,
714 2995 840 3082 ingens,
857 2995 911 3060 oui
932 2997 1044 3062 lumen
1067 2997 1178 3062 adem-

19 3142 29 3162 .
120 3100 249 3168 Trunca
267 3123 369 3166 manu
384 3101 482 3187 pinus
498 3101 580 3188 regit
596 3109 630 3167 et
645 3100 783 3187 vestigia
798 3103 931 3184 firmat;

118 3204 297 3294 lanigerae
312 3207 515 3272 comitantur
530 3227 627 3273 oves:
652 3228 690 3272 ea
706 3208 773 3273 sola
787 3207 951 3293 voluptas,
1114 3208 1179 3274 660

121 3310 336 3396 solamenque
352 3311 439 3378 mali.

120 3414 301 3502 Postquam
315 3415 399 3482 altos
414 3415 527 3502 tetigit
541 3415 664 3482 fluctus
680 3425 713 3482 et
729 3418 772 3482 ad
787 3437 927 3501 aequora
941 3416 1051 3502 venit3

120 3518 269 3586 Luminis
285 3519 393 3586 effossi
407 3519 549 3586 fluidum
563 3521 645 3586 lavit
662 3521 738 3586 inde
755 3543 910 3607 cruorem,

121 3621 286 3692 Dentibus
301 3623 489 3690 infrendens
503 3625 642 3712 gemitu,
658 3626 869 3712 graditurque
888 3649 946 3714 per
962 3650 1081 3714 aequor

120 3725 142 3790 J
143 3749 195 3792 arn
210 3729 378 3795 medium:
403 3731 543 3796 necdum
558 3730 682 3796 fluctus
697 3731 800 3796 latera
816 3733 918 3798 ardua
932 3734 1043 3802 tinxit.
1113 3736 1179 3802 665

121 3829 187 3898 Nos
202 3833 317 3918 procul
331 3834 407 3898 indo
422 3833 536 3920 fugam
551 3836 670 3922 trepidi
686 3837 833 3923 celerare,
851 3847 980 3924 recepto

122 3934 275 4022 Supplice
291 3937 337 4003 sic
353 3937 480 4023 merito,
498 3939 657 4026 tacitique
673 3941 814 4008 incidere
829 3942 964 4025 funem3
