2944 4522
521 311 693 360 nnrmnos
716 311 780 360 urs.
806 309 843 359 x.
1149 289 1215 358 241

152 478 242 550 Tum
257 497 356 562 super
371 471 539 560 abjectum
554 473 661 560 posito
677 473 759 557 pede
775 471 872 537 nixus
888 480 922 537 et
937 472 1043 556 hasta,

153 582 267 648 “Pars
282 581 361 647 belli
375 580 466 646 haud
482 579 668 661 temnenda,
686 577 755 660 viri,
769 576 857 661 jacet
873 578 961 643 altus
980 577 1134 644 Orodes.”

154 687 371 754 Conclamant
388 683 465 750 socii
480 683 606 748 lactum
621 702 747 766 paeana
764 681 875 746 secuti.

154 793 217 856 Ille
234 799 346 856 autem
362 789 548 874 exspirans:
575 786 597 821 “
608 786 684 851 Non
699 807 762 869 me,
780 786 978 871 quicumque
993 809 1037 872 es,
1055 787 1171 870 inulto,

156 897 177 929 “
190 897 316 980 Victor,
333 917 393 960 neo
409 895 545 980 longum
559 893 744 958 laetabere:
770 900 803 957 te
821 914 950 978 quoque
965 893 1039 958 fata
1151 891 1218 961 740

156 1001 178 1034 “
190 1002 407 1087 Prospectant
423 999 525 1084 paria,
542 1005 643 1083 atque
659 998 773 1064 eadem
788 1019 866 1062 mox
882 1019 958 1064 arva
974 999 1130 1065 tenebis.”

156 1107 211 1174 Ad
227 1127 326 1191 quem
343 1105 513 1171 subridens
529 1103 636 1168 mixta
652 1102 838 1168 Mezentius
854 1103 919 1170 ira:

158 1211 179 1243 “
190 1211 441 1292 Nunomorere;
459 1217 511 1276 ast
520 1210 561 1274 de
573 1229 626 1274 me
638 1208 751 1273 divum
760 1215 858 1294 pater
869 1217 969 1293 atque
979 1209 1151 1274 hominum
1163 1230 1220 1272 rex

159 1316 178 1349 “
193 1317 339 1384 Viderit!
354 1318 374 1347 ''
420 1315 492 1380 Hoc
508 1315 619 1380 dicens
634 1313 750 1379 eduxit
766 1335 895 1400 corpore
911 1315 1014 1380 telum
1030 1336 1039 1398 ;

158 1423 224 1490 Olli
239 1425 321 1489 dura
336 1422 429 1508 quies
444 1422 552 1487 oculos
568 1428 602 1485 et
616 1413 737 1484 fer’reus
752 1429 871 1506 urguet
1154 1416 1219 1486 745
1312 1455 1316 1462 ·

32 1569 35 1574 -
159 1529 309 1612 Somnus,
326 1528 361 1592 in
376 1535 545 1592 aeternam
561 1526 761 1591 clauduntur
776 1527 903 1592 lumina
918 1538 1058 1594 noctem.

159 1634 318 1700 Caedicus
333 1633 536 1698 Alcathoum
552 1632 748 1714 obtruncat;
774 1632 924 1700 Sacrator
940 1633 1140 1719 Hydaspen;

159 1739 438 1823 Partheniumque
455 1738 548 1824 Rapo
564 1744 598 1802 et
614 1737 811 1822 praedurum
826 1737 947 1804 viribus
964 1739 1085 1820 Orsen;

150 1845 331 1930 Messapus
348 1843 566 1927 Cloniumque
582 1841 851 1927 Lycaoniumque
867 1843 1032 1928 Ericeten,

159 1949 260 2015 Illum
275 1948 409 2014 infrenis
424 1948 500 2034 equi
514 1950 610 2034 lapsu
626 1947 742 2012 tellure
754 1947 930 2033 jacentem,
984 1995 986 1999 ,
1155 1946 1222 2016 750

159 2055 259 2120 Hunc
274 2054 419 2140 peditem
434 2055 540 2140 pedes.
589 2052 635 2118 Et
651 2051 772 2138 Lycius
788 2062 985 2139 processerat
1000 2053 1094 2140 Agis,

161 2161 267 2242 Quem
282 2167 395 2226 tamen
409 2160 499 2226 haud
514 2180 630 2245 expers
647 2158 789 2224 Valerus
804 2159 938 2225 virtutis
954 2160 1063 2224 avitae

160 2265 303 2350 Dejicit;
328 2272 364 2330 at
381 2265 564 2330 Thronium
582 2264 698 2348 Salius,
718 2264 909 2350 Saliumque
925 2263 1076 2349 Nealces,

160 2369 305 2454 Insignis
315 2369 426 2455 jaculo
441 2377 476 2434 et
490 2370 586 2456 longe
601 2369 738 2434 fallente
755 2369 886 2456 sagitta.

227 2475 252 2541 J
253 2497 308 2540 am
323 2475 431 2560 gravis
447 2474 610 2560 aequabat
625 2475 735 2540 luctus
751 2483 785 2540 et
801 2488 919 2540 mutua
937 2476 1066 2542 Mavors
1156 2472 1222 2543 755

161 2581 312 2663 Funera3
338 2581 515 2646 caedebant
531 2579 656 2665 pariter
670 2580 854 2666 pariterque
870 2583 1008 2647 ruebant

161 2685 311 2750 Victores
327 2684 482 2770 victique,
500 2705 606 2768 neque
622 2683 673 2749 his
689 2685 768 2770 fuga
784 2692 863 2750 nota
879 2708 983 2772 neque
1000 2687 1073 2755 illis.

163 2790 208 2854 Di
223 2790 247 2855 J
249 2789 317 2855 ovis
331 2789 366 2854 in
382 2788 482 2855 tectis
497 2788 581 2854 iram
596 2789 795 2855 miserantur
811 2789 942 2856 inanem

163 2896 355 2978 Amborum,
373 2903 407 2960 et
422 2901 534 2960 tantos
550 2894 742 2959 mortalibus
759 2917 826 2961 esse
842 2897 985 2964 labores:

163 3000 251 3064 Hinc
268 2999 392 3083 Venus,
410 2998 485 3063 hinc
503 3005 616 3062 contra
632 3005 761 3082 spectat
778 2998 932 3065 Saturnia
947 3001 971 3066 J
973 3021 1058 3082 uno;
1159 2997 1226 3068 760

163 3105 293 3170 Pallida
309 3103 485 3188 Tisiphone
501 3102 609 3167 media
623 3102 711 3167 inter
726 3103 828 3168 millia
845 3105 956 3170 saevit.

162 3210 212 3274 At
227 3229 302 3272 vero
317 3208 486 3293 ingentem
501 3207 653 3291 quatiens
670 3207 856 3273 Mezentius
871 3209 1004 3274 hastam

129 3295 137 3304 ⁸
164 3313 331 3378 Turbidus
345 3312 529 3398 ingreditur
545 3333 669 3396 campo,
719 3313 827 3393 Quam
842 3334 982 3398 magnus
1000 3313 1112 3400 Orion,

164 3418 276 3500 Quum
292 3419 390 3504 pedes
406 3417 528 3482 incedit
543 3417 642 3482 medii
657 3439 714 3502 per
729 3417 873 3482 maxima
889 3417 988 3483 Nerei

165 3523 300 3609 Stagna,
317 3522 406 3587 viam
423 3522 582 3606 scindens,
599 3521 733 3586 humero
749 3521 967 3605 supereminet
982 3524 1097 3611 undas,
1160 3521 1227 3594 765

164 3626 246 3711 Aut,
264 3626 401 3692 summis
417 3625 554 3691 referens
569 3646 725 3690 annosam
741 3626 906 3692 montibus
922 3640 1047 3715 ornum,

165 3731 419 3818 Ingrediturque
435 3732 501 3797 solo
516 3738 550 3795 et
566 3738 667 3816 caput
684 3729 771 3794 inter
785 3731 899 3797 nubila
914 3735 1045 3804 condit:

166 3836 255 3904 Talis
271 3859 305 3903 se
321 3836 426 3901 vastis
441 3835 540 3900 infert
557 3834 742 3899 Mezentius
758 3835 865 3903 armis.

165 3941 253 4008 Huic
269 3951 384 4009 eontra
399 3941 541 4024 Aeneas,
560 3940 749 4024 speculatus
765 3941 800 4006 in
815 3943 946 4028 agmine
963 3945 1069 4032 longe,

480 4043 515 4099 11
