2944 4522
230 252 299 319 224
597 271 767 318 nnuurnos
791 272 856 321 ura.
882 273 915 320 x.

229 431 387 498 Imminet
402 431 465 498 Ida
481 453 587 517 super,
604 431 750 518 profugis
764 432 951 518 gratissima
968 431 1111 499 Teucris.

229 535 293 602 Hic
310 559 449 624 magnus
466 537 557 602 sedet
574 536 714 620 Aeneas,
732 559 907 622 secumque
924 537 1053 602 volutat

228 642 377 707 Eventus
391 642 470 708 belli
486 642 587 706 varios
602 663 611 723 ;
636 641 811 726 Pallasque
827 642 956 708 sinistro
1228 645 1293 708 160

230 747 362 812 Affixus
377 747 474 812 lateri
485 746 556 832 jam
572 747 701 831 quaerit
719 747 831 830 sidera,
844 767 968 832 opacae

230 852 346 918 Noctis
361 852 434 936 iter,
447 851 519 936 jam
535 873 617 935 quae
634 873 750 936 passus
765 858 917 935 terraque
933 850 1089 933 marique.

298 957 439 1021 Pandite
455 977 543 1021 nunc
560 955 729 1040 Helicona,
747 957 835 1038 deae,
854 964 1036 1040 cantusque
1053 964 1191 1040 movete,

231 1063 321 1142 Quae
337 1083 454 1127 manus
470 1059 596 1126 interea
613 1061 729 1126 Tuscis
745 1061 920 1126 comitetur
935 1063 977 1126 ab
994 1061 1058 1126 oris

229 1166 377 1246 Aenean,
395 1173 563 1251 armetque
579 1172 677 1249 rates,
695 1165 875 1251 pelagoque
892 1167 1039 1233 vehatur.
1223 1169 1288 1234 165

230 1271 390 1337 Massicus
407 1278 522 1336 aerata
538 1271 687 1358 princeps
703 1280 792 1336 secat
808 1293 948 1356 aequora
966 1272 1076 1358 Tigri:

161 1367 163 1372 ¹
232 1375 300 1441 Sub
316 1396 380 1460 quo
396 1375 486 1440 mille
502 1397 620 1440 manus
632 1375 804 1460 juvenum,
822 1375 879 1460 qui
894 1377 1022 1441 moenia
1039 1377 1142 1461 Clusi,

232 1479 359 1564 Quique
375 1480 489 1544 urbem
504 1479 627 1564 liquere
645 1479 764 1562 Cosas;
789 1485 863 1564 quis
880 1481 946 1544 tela
962 1481 1103 1567 sagittae

232 1584 412 1670 Gorytique
429 1585 516 1650 leves
531 1585 675 1650 humeris
692 1593 725 1650 et
741 1586 848 1650 letifer
863 1608 965 1652 arcus.

234 1690 313 1756 Una
330 1699 441 1756 torvus
457 1690 570 1757 Abas:
595 1691 672 1756 huie
689 1698 799 1756 totum
815 1691 997 1778 insignibus
1012 1691 1109 1756 armis
1223 1689 1289 1759 170

231 1798 362 1883 Agmen
377 1804 411 1861 et
428 1806 543 1862 aurato
558 1797 706 1882 fulgebat
724 1797 878 1882 Apolline
894 1797 1023 1882 puppis.

235 1904 412 1969 Sexcentos
428 1901 476 1966 illi
491 1902 625 1966 dederat
643 1902 826 1986 Populonia
842 1909 946 1966 mater

231 2009 396 2092 Expertos
411 2006 490 2071 belli
501 2007 654 2091 juvenes;
679 2015 730 2072 ast
745 2007 818 2072 'llva
834 2015 996 2072 trecentos
1104 2003 1110 2012 '

235 2113 357 2197 Insula,
373 2113 577 2178 inexhaustis
594 2113 780 2196 Chalybum
796 2135 949 2199 generosa
964 2113 1113 2180 metallis.

234 2219 377 2302 Tertius,
394 2219 451 2282 ille
466 2218 634 2283 hominum
651 2219 829 2303 divumque
844 2218 1001 2304 interpres
1017 2217 1136 2302 Asilas,
1230 2213 1293 2284 175

234 2321 298 2390 Cui
313 2307 477 2410 pecudum
492 2323 604 2408 fibrae,
622 2324 701 2388 coeli
717 2324 770 2389 cui
786 2323 891 2388 sidera
907 2331 1022 2408 parent

232 2430 278 2494 Et
294 2429 425 2514 linguae
441 2428 608 2493 volucrum
623 2436 657 2492 et
673 2428 820 2514 praesagi
836 2429 984 2493 fulminis
999 2428 1100 2514 ignes,

232 2536 324 2600 Mille
340 2534 425 2620 rapit
441 2535 557 2598 densos
573 2533 641 2598 acie
657 2541 756 2618 atque
772 2533 978 2598 horrentibus
993 2533 1105 2598 hastis.

232 2639 302 2705 Hos
318 2659 428 2725 parere
440 2637 558 2722 jubent
575 2637 723 2722 Alpheae
739 2639 781 2702 ab
797 2637 919 2722 origine
936 2637 1041 2718 Pisae,

233 2743 322 2809 Urbs
337 2743 478 2814 Etrusca
494 2743 569 2808 solo.
618 2741 775 2826 Sequitur
790 2741 1025 2826 pulcherrimus
1040 2741 1155 2823 Astur,
1228 2742 1292 2806 180

233 2849 337 2914 Astur
353 2867 435 2932 equo
450 2847 554 2912 fidens
570 2853 604 2912 et
620 2846 863 2912 versicoloribus
880 2846 986 2912 armis.

234 2954 432 3018 Tercentum
448 2952 629 3038 adjiciunt3
655 2973 747 3016 mens
763 2952 914 3018 omnibus
929 2973 996 3016 una
1012 2950 1180 3036 sequendi,

234 3057 299 3139 Qui
316 3056 451 3124 Caerete
467 3057 572 3140 domo,
589 3055 740 3140 quisunt
756 3055 910 3122 Minionis
925 3055 960 3120 in
976 3055 1071 3138 arvis,

234 3163 282 3228 Et
299 3163 398 3248 Pyrgi
414 3170 548 3244 veteres,
565 3161 846 3246 intempestaeque
864 3153 1047 3228 Claviscae.

144 3333 149 3342 ,
234 3269 310 3334 Non
327 3290 385 3354 ego
401 3276 444 3351 te,
461 3266 623 3352 Ligurum
638 3267 754 3330 ductor
769 3264 942 3331 l'ortissime
958 3265 1054 3349 bello,
1232 3265 1312 3330 185.

236 3372 444 3456 Transierim,
463 3371 594 3456 Cinyra,
613 3377 646 3434 et
662 3371 775 3456 paucis
791 3370 946 3434 comitate
963 3370 1107 3454 Cupauo,
1231 3409 1233 3415 =

236 3479 338 3562 Cujus
355 3477 494 3542 olorinae
511 3484 649 3564 surgunt
664 3477 706 3542 de
721 3477 841 3541 vertice
858 3463 1005 3561 pennaess

237 3583 369 3649 Crimen
384 3604 474 3646 amor
489 3590 635 3648 vestrum
645 3582 856 3666 -formacque
872 3581 1000 3666 insigne
1016 3588 1180 3665 paternae.

235 3687 387 3770 Namque
403 3686 522 3770 ferunt,
539 3688 635 3751 luctu
651 3686 800 3770 Cycnum
817 3685 1039 3750 Phaethontis
1055 3683 1168 3764 amati,
1183 3765 1193 3776 .

237 3793 401 3876 Populeas
417 3791 504 3856 iuter
519 3792 646 3855 frondes
662 3791 876 3874 umbramque
893 3811 1036 3854 sororum
1234 3787 1296 3854 190

238 3899 328 3966 Dum
344 3897 434 3961 canit
450 3902 483 3960 et
499 3903 664 3960 maestum
681 3895 777 3962 Musa
793 3896 915 3961 solatur
930 3915 1083 3978 amorem,
