2944 4522
504 343 674 391 susumus
698 345 763 393 um.
788 345 862 392 vnr.
1156 325 1220 392 189

150 501 174 537 ‘⁶
189 501 257 568 'Per
271 499 339 569 le'to
355 504 548 570 stamendus
563 511 633 569 erat
647 525 656 587 3
680 504 734 570 cui
749 512 829 570 tunc
845 511 957 569 tamen
973 524 1085 569 omnes
1125 523 1129 534 ·

152 607 342 674 “Abstulit
357 609 437 674 haec
450 608 577 674 animas
592 610 708 674 dextra
723 616 757 674 et
773 609 912 674 totidem
927 608 1020 674 exuit
1037 607 1167 675 armis-t

152 711 175 743 “
187 711 266 776 Non
283 733 342 798 ego
357 734 446 778 nunc
461 713 550 778 dulci
566 715 720 800 amplexu
734 714 901 779 divellerer
915 735 1066 798 usquam,

152 815 175 848 “
187 816 289 901 Nate,
306 824 374 901 tuo,
391 838 495 902 neque
510 818 652 883 finitimo
669 818 852 883 Mezentius
868 838 1028 902 umquam

152 918 176 952 “
190 918 281 985 Huic
297 920 400 1006 capiti
414 921 587 1006 insultans,
604 929 656 987 tot
671 923 753 987 ferro
769 944 864 987 saeva
879 923 1021 988 dedisset
1148 919 1218 995 570

152 1025 175 1058 “
189 1017 331 1110 Funera,
348 1034 419 1091 tam
434 1027 548 1092 multis
564 1027 732 1092 viduasset
749 1027 874 1092 civibus
890 1028 1014 1094 urbem.

152 1129 241 1196 “At
256 1153 322 1215 vos,
339 1153 358 1196 o
374 1131 491 1216 superi,
508 1142 542 1196 et
557 1133 671 1198 divum
685 1140 726 1197 tu
741 1133 884 1197 maxime
900 1140 1003 1198 rector

153 1235 177 1268 “
188 1235 335 1322 Jupiter,
352 1236 488 1302 Arcadii
503 1259 621 1322 quaeso
638 1238 834 1303 miserescite
850 1237 947 1324 regis,
1021 1271 1024 1278 v

153 1339 236 1406 “Et
253 1341 377 1426 patrias
393 1342 505 1406 audite
521 1365 653 1428 preces:
681 1343 716 1409 Si
731 1344 869 1408 numina
885 1351 994 1409 vestra

152 1443 174 1478 “
185 1445 392 1512 Incolumein
408 1448 563 1512 Pallanta
579 1447 671 1532 mihi,
689 1448 717 1512 si
731 1449 802 1514 fata
820 1455 998 1532 reservant,
1150 1445 1215 1517 575

151 1551 174 1586 “
188 1554 224 1620 Si
240 1554 367 1619 visurus
384 1575 460 1619 eum
475 1555 547 1619 vivo
564 1561 597 1619 et
614 1563 773 1620 venturus
788 1555 965 1650 inunum:

46 1707 50 1716 .
151 1656 173 1690 ‘⁶
184 1657 302 1723 Vitam
318 1681 381 1743 ore,
399 1659 504 1744 patior
520 1655 668 1744 quemvis
684 1660 799 1724 durare
814 1660 978 1743 laborem;

151 1761 173 1794 “
184 1762 244 1828 Sin
260 1763 404 1847 aliquem
419 1763 593 1828 infandum
608 1785 730 1848 casum,
748 1764 904 1849 Fortuna,
917 1765 1069 1832 minaris:

152 1866 174 1899 “
183 1865 218 1931 N
219 1889 294 1952 uno,
312 1889 399 1933 nunc
415 1890 434 1932 o
450 1869 546 1934 liceat
563 1870 727 1934 crudelem
742 1870 933 1956 abrumpere
949 1870 1065 1948 vitam,

151 1974 279 2039 “Dum
295 1997 389 2040 curae
405 1976 588 2061 ambiguae,
605 1977 686 2041 dum
702 1997 774 2062 spes
789 1976 916 2042 incerta
929 1975 1045 2060 futuri,
1146 1977 1213 2042 580
1258 2059 1263 2070 .

150 2078 171 2112 “
186 2079 279 2144 Dum
293 2087 338 2164 te,
355 2101 428 2146 care
444 2102 534 2167 puer,
552 2102 625 2145 mea
641 2081 708 2146 sola
724 2089 758 2145 et
774 2103 843 2145 sera
858 2080 1021 2165 voluptas,

147 2183 171 2216 “
186 2183 385 2270 Complexus
402 2193 516 2269 tene0;
541 2185 667 2271 gravior
682 2207 747 2250 neu
762 2185 900 2250 nuntius
915 2207 1009 2251 aures

148 2288 170 2321 “
183 2288 376 2357 Vulneret.'’
422 2290 513 2357 Haec
529 2291 656 2378 genitor
670 2291 819 2376 digressu
834 2290 924 2356 dicta
939 2312 1090 2377 supremo

145 2392 345 2477 Fundebat3
368 2395 486 2460 famuli
501 2396 681 2482 collapsum
697 2396 732 2460 in
748 2403 838 2461 tecta
852 2395 1009 2464 serebant.

145 2498 294 2585 Jamque
310 2501 390 2565 adeo
406 2500 531 2565 exierat
547 2501 650 2586 portis
665 2501 835 2586 equitatus
851 2501 984 2586 apertis,
1143 2503 1210 2570 585

147 2602 280 2670 Aeneas
295 2604 382 2670 inter
396 2605 517 2691 primos
533 2614 566 2670 et
582 2605 667 2671 fidus
683 2606 838 2691 Achates,

147 2707 232 2773 Inde
247 2709 304 2774 alii
321 2709 435 2795 Trojae
451 2731 616 2795 proceres3
640 2711 709 2796 ipse
725 2711 855 2796 agmine
872 2711 981 2778 Pallas

145 2813 189 2877 In
204 2813 323 2898 medio,
340 2815 509 2900 chlamyde
525 2822 558 2879 et
575 2815 672 2900 pictis
687 2824 879 2901 conspectus
894 2817 1059 2884 inarmis:

145 2918 262 2998 Qualis
277 2919 336 2984 ubi
352 2920 474 2986 Oceani
490 2921 638 3008 pertusus
654 2921 783 2986 Lucifer
798 2923 897 3006 unda,

146 3025 252 3105 Quem
269 3025 381 3091 Venus
397 3033 475 3090 ante
492 3026 571 3090 alios
587 3033 750 3091 astrorum
765 3027 873 3113 diligit
888 3028 989 3113 ignes,
1138 3027 1205 3094 590

145 3129 282 3194 Extulit
298 3151 332 3195 os
349 3152 477 3195 sacrum
493 3131 580 3196 coel‘o
595 3131 810 3216 tenebrasque
826 3131 965 3197 resolvit.

143 3237 243 3301 Stant
259 3235 397 3321 pavidae
412 3236 447 3301 in
462 3237 564 3301 muris
578 3244 710 3321 matres,
727 3236 893 3320 oculisque
909 3241 1095 3319 sequuntur

140 3340 336 3405 Pulveream
352 3341 474 3406 nubem
489 3348 523 3406 et
539 3341 703 3427 fulgentes
718 3363 791 3407 aere
807 3348 960 3406 catervas.

140 3443 206 3510 Olli
221 3465 277 3530 per
292 3445 421 3527 dumos,
438 3467 503 3530 qua
518 3447 667 3532 proxima
682 3453 772 3511 meta
787 3445 927 3529 viarum,

138 3548 272 3614 Armati
288 3550 453 3632 tendunt;
476 3549 504 3614 it
519 3551 651 3633 clamor,
669 3559 703 3616 et
719 3549 848 3635 agmine
860 3548 948 3614 facto
1137 3550 1203 3616 595

139 3654 417 3740 Quadrupedante
432 3663 562 3740 putrem
579 3653 688 3720 sonitu
704 3654 815 3738 quatit
830 3653 954 3740 ungula
970 3675 1134 3740 campum.

137 3758 200 3824 Est
216 3759 333 3847 ingens
348 3759 495 3846 gelidum
509 3761 602 3825 lucus
617 3780 718 3844 prope
735 3757 872 3825 Caeritis
887 3779 1029 3844 amnem,

138 3860 307 3950 Religione
323 3871 460 3950 patrum
474 3864 541 3928 late
557 3883 666 3946 saeer;
689 3863 834 3948 undique
850 3864 945 3930 colles

136 3968 301 4036 inclusere
317 3967 392 4034 cavi
404 3975 438 4032 et
454 3969 545 4054 nigra
560 3989 674 4034 nemus
689 3968 796 4034 abiete
813 3969 959 4056 cingunt.
