2944 4522
225 283 292 350 230
594 297 853 346 1111111111.
878 296 912 345 x.

292 461 341 526 At
356 469 451 548 parte
468 482 509 526 ex
524 459 601 545 alia,
618 479 685 544 qua
700 479 780 525 saxa
795 457 939 524 rotantia
953 457 1019 522 1111

225 566 409 654 Impulerat
425 575 551 634 torrens
568 567 765 650 arbustaque
780 565 891 630 diruta
907 562 996 649 ripis,

226 674 383 758 Arcadas,
402 673 546 740 insuetos
562 672 648 738 acics
663 673 781 736 inferre
797 671 973 757 pedestres,

226 777 277 844 Ut
292 779 376 854 vidit
393 779 504 843 Pallas
520 777 616 844 Latio
632 778 709 842 dare
725 783 818 862 terga
834 775 974 860 sequaci,
1223 775 1289 842 365

228 883 357 969 Aspera
372 889 445 969 quis
460 891 579 949 natura
594 882 656 948 loci
672 882 837 948 dimittere
853 882 983 967 quando

226 989 338 1056 Suasit
354 1010 473 1075 equos3
499 1011 603 1054 unum
619 989 707 1074 quod
723 989 817 1054 rebus
833 995 937 1053 restat
952 985 1073 1072 egenis,

224 1093 258 1158 N
259 1115 322 1160 unc
339 1116 443 1180 preca,
461 1116 548 1160 nunc
565 1093 663 1160 dictis
678 1093 836 1158 virtutem
851 1091 1002 1158 accendit
1018 1089 1157 1156 amaris:

226 1197 334 1280 “Quo
349 1199 473 1286 fugitis,
491 1199 595 1264 sccii?
643 1197 778 1263 Parvos
793 1204 827 1262 11
842 1195 940 1261 fortia
954 1195 1054 1279 facta,

226 1303 248 1338 “
259 1305 324 1370 Per
339 1305 431 1370 ducis
447 1303 595 1369 Evandri
610 1324 729 1369 nomen
744 1301 937 1385 devictaque
953 1300 1048 1384 bella,
1222 1295 1289 1366 370

226 1409 248 1443 “
263 1409 428 1496 Spemque
444 1431 560 1491 meam,
574 1408 700 1495 patriae
717 1429 800 1493 quae
817 1429 902 1472 nunc
919 1407 1009 1472 subit
1025 1406 1156 1471 aemula
1170 1405 1274 1490 laudi,

225 1514 248 1547 “
258 1514 371 1584 Fidite
387 1537 427 1580 11
443 1515 588 1600 pedibus.
635 1514 733 1580 Ferro
749 1515 931 1599 rumpenda
946 1535 1005 1600 per
1020 1513 1131 1578 hostes

228 1619 323 1686 “Est
338 1620 400 1687 via.
449 1621 522 1702 Qua
537 1620 652 1705 globus
666 1620 722 1685 ille
737 1619 843 1684 virum
858 1619 1070 1686 densissimus
1085 1626 1216 1704 urguet,
1301 1603 1313 1624 ⁹

229 1724 337 1791 “Hac
353 1747 409 1790 vos
427 1733 461 1790 11
478 1726 634 1790 Pallanta
649 1726 766 1790 11111111
782 1724 890 1810 patria
906 1726 977 1790 alta
993 1725 1140 1810 reposcit.
1324 1805 1328 1812 .

227 1829 408 1896 “Numina
423 1831 514 1896 nulla
529 1838 702 1916 premunt;
727 1831 857 1896 mortali
869 1851 1047 1916 urguemur
1058 1831 1099 1894 ab
1111 1829 1204 1894 hoste
1221 1824 1288 1894 375

227 1934 421 2000 “Mortales
435 1955 445 2018 ;
471 1935 610 2000 totidem
625 1935 719 2000 nobis
733 1935 927 2020 animaeque
944 1953 1132 2019 manusque.

227 2038 248 2071 “
260 2040 358 2124 Ecce,
376 2039 475 2104 maris
491 2061 611 2126 magna
627 2040 754 2106 claudit
769 2062 827 2106 nos
844 2039 946 2125 objice
962 2047 1085 2126 pontus
1100 2060 1109 2122 ;

232 2144 253 2177 “
267 2144 369 2210 Deest
379 2143 451 2230 jam
466 2152 553 2210 terra
567 2143 685 2230 fugae:
711 2145 847 2232 pelagus
864 2145 1036 2230 Trojamne
1051 2151 1203 2231 patemus
1216 2145 1232 2210 P
1244 2145 1263 2174 ”

227 2251 319 2316 Haec
337 2251 385 2316 111
402 2259 436 2316 11
452 2251 579 2318 medius
595 2253 712 2318 densos
727 2253 910 2338 prorumpit
925 2252 960 2316 in
975 2252 1094 2318 hostes.

228 2355 352 2422 Obvius
367 2356 444 2421 huic
460 2357 613 2442 primum,
630 2357 709 2423 fatis
724 2358 888 2424 adductus
903 2357 1034 2443 iniquis,
1224 2361 1292 2426 380

226 2459 285 2525 Fit
301 2461 430 2546 Lagus:
455 2461 556 2546 hunc,
574 2482 694 2547 magno
709 2462 801 2528 vellit
817 2463 898 2528 dum
913 2464 1052 2548 pondere
1067 2482 1194 2546 saxum,

231 2565 360 2629 Intortc
375 2565 449 2656 figit
465 2565 542 2650 telo,
559 2565 747 2632 discrimina
764 2567 861 2632 costis

230 2669 293 2734 Per
308 2669 453 2734 medium
468 2691 534 2755 qua
549 2670 644 2757 spina
660 2671 771 2756 dabat,
788 2672 983 2757 hastamque
999 2677 1147 2758 receptat

228 2773 363 2840 Ossibus
378 2775 575 2843 haerentem.
623 2777 728 2857 Quam
743 2799 809 2842 non
824 2799 921 2863 super
936 2785 1076 2864 occupat
1093 2777 1208 2862 Hisbo,

228 2879 289 2943 Ille
305 2879 439 2963 quidem
454 2880 513 2946 hoc
531 2898 681 2966 sperans:
709 2902 788 2946 nam
803 2882 914 2947 Pallas
930 2889 1008 2947 ante
1023 2889 1183 2966 ruentem,
1225 2881 1292 2948 385

231 2983 322 3048 Dum
337 2983 429 3068 furit,
446 2985 619 3050 incautum
635 2987 757 3052 crudeli
773 2989 877 3052 morte
894 2987 1021 3072 sodalis,

231 3088 366 3174 Excipit
382 3096 482 3174 atque
498 3111 610 3156 ensem
627 3091 753 3157 tumido
770 3091 805 3156 in
821 3092 978 3178 pulmone
995 3091 1148 3160 recondit.

231 3193 319 3259 Hinc
337 3193 532 3260 Sthenelum
546 3195 642 3281 petit,
660 3204 694 3261 11
710 3196 832 3262 Rhoeti
846 3198 887 3262 111
902 3205 998 3283 gente
1014 3204 1147 3264 vetusta

229 3298 483 3383 Anchemolum,
502 3300 665 3366 thalamos
680 3323 797 3366 ausum
813 3301 972 3368 incestare
987 3323 1152 3370 novercae.

230 3402 298 3468 Vos
314 3403 417 3468 ctiam
432 3403 554 3490 gemini
570 3404 704 3472 Rutulis
721 3407 883 3473 cecidistis
899 3408 934 3472 in
950 3409 1045 3492 arvis,
1216 3405 1294 3474 '390

232 3509 371 3594 Baucis,
389 3509 507 3576 Laride
524 3511 765 3597 Thymberque,
784 3513 950 3578 simillima
965 3514 1082 3600 proles,

232 3609 414 3678 indiscreta
430 3613 507 3698 suis,
524 3624 700 3701 gratusque
716 3617 906 3702 parentibus
922 3638 1028 3700 error;

234 3719 281 3783 At
297 3739 385 3800 nunc
401 3719 482 3783 dura
497 3720 589 3784 dedit
605 3721 695 3786 vobis
711 3720 897 3786 discrimina
913 3717 1047 3790 Ρ11111ἑ

233 3823 322 3888 Nam
338 3822 410 3906 tibi,
428 3823 604 3908 Thymbre,
623 3833 723 3910 caput
741 3826 925 3892 Evandrius
940 3827 1079 3894 abstulit
1095 3826 1181 3894 11111
1195 3849 1205 3909 ;

234 3929 282 3992 Tc
299 3926 408 3992 decisa
425 3948 532 4014 suum,
549 3927 678 4014 Laride,
695 3932 828 3997 dextera
843 3933 981 4020 quaerit,
1231 3935 1296 4003 395
