<?xml version="1.0" encoding="UTF-8"?>
<!DOCTYPE html PUBLIC "-//W3C//DTD XHTML 1.0 Transitional//EN"
    "http://www.w3.org/TR/xhtml1/DTD/xhtml1-transitional.dtd">
<html xmlns="http://www.w3.org/1999/xhtml" xml:lang="en" lang="en">
 <head>
  <title>
</title>
<meta http-equiv="Content-Type" content="text/html;charset=utf-8" />
  <meta name='ocr-system' content='tesseract 3.04.00' />
  <meta name='ocr-capabilities' content='ocr_page ocr_carea ocr_par ocr_line ocrx_word'/>
</head>
<body>
  <div class='ocr_page' id='page_1' title='image "./virgilsaeneidwi00virggoog_0131.png"; bbox 0 0 2898 4518; ppageno 0'>
   <div class='ocr_carea' id='block_1_1' title="bbox 509 316 1214 387">
    <p class='ocr_par' dir='ltr' id='par_1_1' title="bbox 509 316 1214 387">
     <span class='ocr_line' id='line_1_1' title="bbox 509 316 1214 387; baseline 0.001 -1"><span class='ocrx_word' id='word_1_1' title='bbox 509 339 680 386; x_wconf 76' lang='lat' dir='ltr'><strong>nnuarnos</strong></span> <span class='ocrx_word' id='word_1_2' title='bbox 704 340 769 387; x_wconf 81' lang='lat' dir='ltr'><strong>nus.</strong></span> <span class='ocrx_word' id='word_1_3' title='bbox 796 340 830 386; x_wconf 89' lang='lat' dir='ltr'><strong>v.</strong></span> <span class='ocrx_word' id='word_1_4' title='bbox 1149 316 1214 387; x_wconf 85' lang='lat'><strong>107</strong></span> 
     </span>
    </p>
   </div>
   <div class='ocr_carea' id='block_1_2' title="bbox 141 498 1212 1109">
    <p class='ocr_par' dir='ltr' id='par_1_2' title="bbox 141 498 1212 686">
     <span class='ocr_line' id='line_1_2' title="bbox 143 498 1212 587; baseline -0.002 -21"><span class='ocrx_word' id='word_1_5' title='bbox 143 502 209 566; x_wconf 88' lang='lat' dir='ltr'><strong>llle</strong></span> <span class='ocrx_word' id='word_1_6' title='bbox 224 502 347 587; x_wconf 90' lang='lat' dir='ltr'><strong>pedum</strong></span> <span class='ocrx_word' id='word_1_7' title='bbox 362 499 478 564; x_wconf 89' lang='lat' dir='ltr'><strong>melior</strong></span> <span class='ocrx_word' id='word_1_8' title='bbox 493 506 588 564; x_wconf 90' lang='lat' dir='ltr'><strong>motu</strong></span> <span class='ocrx_word' id='word_1_9' title='bbox 601 500 769 585; x_wconf 77' lang='lat' dir='ltr'><strong>fretusque</strong></span> <span class='ocrx_word' id='word_1_10' title='bbox 781 499 931 583; x_wconf 85' lang='lat' dir='ltr'><strong>juventa,</strong></span> <span class='ocrx_word' id='word_1_11' title='bbox 1145 498 1212 564; x_wconf 84' lang='lat'><strong>430</strong></span> 
     </span>
     <span class='ocr_line' id='line_1_3' title="bbox 141 603 1043 686; baseline -0.003 -15"><span class='ocrx_word' id='word_1_12' title='bbox 141 605 211 672; x_wconf 89' lang='lat' dir='ltr'><strong>Hic</strong></span> <span class='ocrx_word' id='word_1_13' title='bbox 227 605 381 670; x_wconf 84' lang='lat' dir='ltr'>membris</span> <span class='ocrx_word' id='word_1_14' title='bbox 396 612 430 669; x_wconf 92' lang='lat' dir='ltr'><strong>et</strong></span> <span class='ocrx_word' id='word_1_15' title='bbox 446 604 532 670; x_wconf 89' lang='lat' dir='ltr'><strong>mole</strong></span> <span class='ocrx_word' id='word_1_16' title='bbox 547 604 680 686; x_wconf 80' lang='lat' dir='ltr'><strong>valens3</strong></span> <span class='ocrx_word' id='word_1_17' title='bbox 705 604 763 670; x_wconf 89' lang='lat' dir='ltr'><strong>sed</strong></span> <span class='ocrx_word' id='word_1_18' title='bbox 776 605 873 669; x_wconf 88' lang='lat' dir='ltr'><strong>tarda</strong></span> <span class='ocrx_word' id='word_1_19' title='bbox 889 603 1043 669; x_wconf 89' lang='lat' dir='ltr'><strong>trementi</strong></span> 
     </span>
    </p>

    <p class='ocr_par' dir='ltr' id='par_1_3' title="bbox 142 707 1065 794">
     <span class='ocr_line' id='line_1_4' title="bbox 142 707 1065 794; baseline -0.002 -18"><span class='ocrx_word' id='word_1_20' title='bbox 142 711 265 777; x_wconf 84' lang='lat' dir='ltr'><strong>Genua</strong></span> <span class='ocrx_word' id='word_1_21' title='bbox 279 709 405 793; x_wconf 84' lang='lat' dir='ltr'><strong>labant,</strong></span> <span class='ocrx_word' id='word_1_22' title='bbox 423 716 533 774; x_wconf 86' lang='lat' dir='ltr'><strong>vastos</strong></span> <span class='ocrx_word' id='word_1_23' title='bbox 549 709 658 793; x_wconf 88' lang='lat' dir='ltr'><strong>quatit</strong></span> <span class='ocrx_word' id='word_1_24' title='bbox 675 730 771 794; x_wconf 86' lang='lat' dir='ltr'><strong>aeger</strong></span> <span class='ocrx_word' id='word_1_25' title='bbox 785 707 951 772; x_wconf 83' lang='lat' dir='ltr'><strong>anhelitus</strong></span> <span class='ocrx_word' id='word_1_26' title='bbox 965 715 1065 774; x_wconf 89' lang='lat' dir='ltr'><strong>artus.</strong></span> 
     </span>
    </p>

    <p class='ocr_par' dir='ltr' id='par_1_4' title="bbox 143 811 1021 898">
     <span class='ocr_line' id='line_1_5' title="bbox 143 811 1021 898; baseline -0.003 -19"><span class='ocrx_word' id='word_1_27' title='bbox 143 816 256 880; x_wconf 88' lang='lat' dir='ltr'><strong>Multa</strong></span> <span class='ocrx_word' id='word_1_28' title='bbox 270 814 332 878; x_wconf 85' lang='lat' dir='ltr'><strong>viri</strong></span> <span class='ocrx_word' id='word_1_29' title='bbox 346 813 570 898; x_wconf 82' lang='lat' dir='ltr'><strong>nequidquam</strong></span> <span class='ocrx_word' id='word_1_30' title='bbox 585 813 672 878; x_wconf 89' lang='lat' dir='ltr'><strong>inter</strong></span> <span class='ocrx_word' id='word_1_31' title='bbox 688 833 720 877; x_wconf 87' lang='lat' dir='ltr'><strong>se</strong></span> <span class='ocrx_word' id='word_1_32' title='bbox 736 812 871 876; x_wconf 85' lang='lat' dir='ltr'><strong>vulnera</strong></span> <span class='ocrx_word' id='word_1_33' title='bbox 882 811 1021 896; x_wconf 88' lang='lat' dir='ltr'><strong>jactant,</strong></span> 
     </span>
    </p>

    <p class='ocr_par' dir='ltr' id='par_1_5' title="bbox 141 917 1020 1004">
     <span class='ocr_line' id='line_1_6' title="bbox 141 917 1020 1004; baseline -0.002 -20"><span class='ocrx_word' id='word_1_34' title='bbox 141 921 258 986; x_wconf 87' lang='lat' dir='ltr'><strong>Multa</strong></span> <span class='ocrx_word' id='word_1_35' title='bbox 274 941 352 985; x_wconf 87' lang='lat' dir='ltr'><strong>cavo</strong></span> <span class='ocrx_word' id='word_1_36' title='bbox 367 917 466 983; x_wconf 89' lang='lat' dir='ltr'><strong>lateri</strong></span> <span class='ocrx_word' id='word_1_37' title='bbox 481 919 698 1004; x_wconf 87' lang='lat' dir='ltr'><strong>ingeminant,</strong></span> <span class='ocrx_word' id='word_1_38' title='bbox 716 925 749 984; x_wconf 88' lang='lat' dir='ltr'><strong>et</strong></span> <span class='ocrx_word' id='word_1_39' title='bbox 765 925 895 1003; x_wconf 75' lang='lat' dir='ltr'><strong>pectore</strong></span> <span class='ocrx_word' id='word_1_40' title='bbox 911 924 1020 982; x_wconf 88' lang='lat' dir='ltr'><strong>vastos</strong></span> 
     </span>
    </p>

    <p class='ocr_par' dir='ltr' id='par_1_6' title="bbox 142 1022 1209 1109">
     <span class='ocr_line' id='line_1_7' title="bbox 142 1022 1209 1109; baseline 0 -19"><span class='ocrx_word' id='word_1_41' title='bbox 142 1026 240 1090; x_wconf 92' lang='lat' dir='ltr'><strong>Dant</strong></span> <span class='ocrx_word' id='word_1_42' title='bbox 257 1025 393 1108; x_wconf 89' lang='lat' dir='ltr'><strong>sonitus,</strong></span> <span class='ocrx_word' id='word_1_43' title='bbox 410 1030 559 1109; x_wconf 84' lang='lat' dir='ltr'><strong>erratque</strong></span> <span class='ocrx_word' id='word_1_44' title='bbox 574 1045 669 1088; x_wconf 88' lang='lat' dir='ltr'><strong>aures</strong></span> <span class='ocrx_word' id='word_1_45' title='bbox 685 1031 719 1088; x_wconf 89' lang='lat' dir='ltr'><strong>et</strong></span> <span class='ocrx_word' id='word_1_46' title='bbox 734 1031 883 1108; x_wconf 88' lang='lat' dir='ltr'><strong>tempora</strong></span> <span class='ocrx_word' id='word_1_47' title='bbox 898 1022 1022 1087; x_wconf 87' lang='lat' dir='ltr'><strong>circum</strong></span> <span class='ocrx_word' id='word_1_48' title='bbox 1144 1023 1209 1090; x_wconf 86' lang='lat'><strong>435</strong></span> 
     </span>
    </p>
   </div>
   <div class='ocr_carea' id='block_1_3' title="bbox 48 1127 1043 1214">
    <p class='ocr_par' dir='ltr' id='par_1_7' title="bbox 48 1127 1043 1214">
     <span class='ocr_line' id='line_1_8' title="bbox 48 1127 1043 1214; baseline -0.003 -18"><span class='ocrx_word' id='word_1_49' title='bbox 48 1137 51 1144; x_wconf 82' lang='grc'>’</span> <span class='ocrx_word' id='word_1_50' title='bbox 142 1130 269 1197; x_wconf 87' lang='lat' dir='ltr'><strong>Crebra</strong></span> <span class='ocrx_word' id='word_1_51' title='bbox 283 1150 410 1212; x_wconf 89' lang='lat' dir='ltr'><strong>manus,</strong></span> <span class='ocrx_word' id='word_1_52' title='bbox 428 1129 509 1193; x_wconf 90' lang='lat' dir='ltr'><strong>duro</strong></span> <span class='ocrx_word' id='word_1_53' title='bbox 525 1129 688 1214; x_wconf 91' lang='lat' dir='ltr'><strong>crepitant</strong></span> <span class='ocrx_word' id='word_1_54' title='bbox 703 1129 764 1193; x_wconf 92' lang='lat' dir='ltr'><strong>sub</strong></span> <span class='ocrx_word' id='word_1_55' title='bbox 781 1129 912 1193; x_wconf 90' lang='lat' dir='ltr'><strong>vulnere</strong></span> <span class='ocrx_word' id='word_1_56' title='bbox 929 1127 1043 1193; x_wconf 89' lang='lat' dir='ltr'><strong>malae.</strong></span> 
     </span>
    </p>
   </div>
   <div class='ocr_carea' id='block_1_4' title="bbox 142 1233 1223 3734">
    <p class='ocr_par' dir='ltr' id='par_1_8' title="bbox 144 1233 987 1320">
     <span class='ocr_line' id='line_1_9' title="bbox 144 1233 987 1320; baseline -0.006 -19"><span class='ocrx_word' id='word_1_57' title='bbox 144 1236 224 1302; x_wconf 79' lang='lat' dir='ltr'><strong>Stat</strong></span> <span class='ocrx_word' id='word_1_58' title='bbox 239 1233 347 1320; x_wconf 84' lang='lat' dir='ltr'><strong>gravis</strong></span> <span class='ocrx_word' id='word_1_59' title='bbox 363 1233 528 1317; x_wconf 88' lang='lat' dir='ltr'><strong>Entellus,</strong></span> <span class='ocrx_word' id='word_1_60' title='bbox 544 1233 685 1320; x_wconf 88' lang='lat' dir='ltr'><strong>nisuque</strong></span> <span class='ocrx_word' id='word_1_61' title='bbox 700 1233 858 1298; x_wconf 90' lang='lat' dir='ltr'><strong>immotus</strong></span> <span class='ocrx_word' id='word_1_62' title='bbox 874 1233 987 1297; x_wconf 87' lang='lat' dir='ltr'><strong>eodem</strong></span> 
     </span>
    </p>

    <p class='ocr_par' dir='ltr' id='par_1_9' title="bbox 143 1339 1051 1427">
     <span class='ocr_line' id='line_1_10' title="bbox 143 1339 1051 1427; baseline -0.004 -20"><span class='ocrx_word' id='word_1_63' title='bbox 143 1341 286 1427; x_wconf 78' lang='lat' dir='ltr'><strong>Corpore</strong></span> <span class='ocrx_word' id='word_1_64' title='bbox 301 1340 369 1404; x_wconf 89' lang='lat' dir='ltr'><strong>tela</strong></span> <span class='ocrx_word' id='word_1_65' title='bbox 384 1341 480 1405; x_wconf 92' lang='lat' dir='ltr'><strong>modo</strong></span> <span class='ocrx_word' id='word_1_66' title='bbox 496 1347 596 1424; x_wconf 86' lang='lat' dir='ltr'><strong>atque</strong></span> <span class='ocrx_word' id='word_1_67' title='bbox 612 1339 713 1405; x_wconf 90' lang='lat' dir='ltr'><strong>oculis</strong></span> <span class='ocrx_word' id='word_1_68' title='bbox 728 1339 942 1426; x_wconf 88' lang='lat' dir='ltr'><strong>vigilantibus</strong></span> <span class='ocrx_word' id='word_1_69' title='bbox 958 1339 1028 1403; x_wconf 87' lang='lat' dir='ltr'><strong>exit</strong></span> <span class='ocrx_word' id='word_1_70' title='bbox 1042 1359 1051 1421; x_wconf 91' lang='lat'>;</span> 
     </span>
    </p>

    <p class='ocr_par' dir='ltr' id='par_1_10' title="bbox 143 1444 1006 1530">
     <span class='ocr_line' id='line_1_11' title="bbox 143 1444 1006 1530; baseline -0.002 -20"><span class='ocrx_word' id='word_1_71' title='bbox 143 1447 218 1529; x_wconf 91' lang='lat' dir='ltr'><strong>Ille,</strong></span> <span class='ocrx_word' id='word_1_72' title='bbox 235 1446 326 1510; x_wconf 92' lang='lat' dir='ltr'><strong>velut</strong></span> <span class='ocrx_word' id='word_1_73' title='bbox 342 1445 463 1510; x_wconf 89' lang='lat' dir='ltr'><strong>celsam</strong></span> <span class='ocrx_word' id='word_1_74' title='bbox 477 1452 648 1530; x_wconf 85' lang='lat' dir='ltr'><strong>oppugnat</strong></span> <span class='ocrx_word' id='word_1_75' title='bbox 663 1445 722 1529; x_wconf 90' lang='lat' dir='ltr'><strong>qui</strong></span> <span class='ocrx_word' id='word_1_76' title='bbox 736 1444 876 1510; x_wconf 89' lang='lat' dir='ltr'><strong>molibus</strong></span> <span class='ocrx_word' id='word_1_77' title='bbox 891 1444 1006 1509; x_wconf 90' lang='lat' dir='ltr'><strong>urbem</strong></span> 
     </span>
    </p>

    <p class='ocr_par' dir='ltr' id='par_1_11' title="bbox 143 1549 1208 1739">
     <span class='ocr_line' id='line_1_12' title="bbox 143 1549 1208 1634; baseline -0.003 -18"><span class='ocrx_word' id='word_1_78' title='bbox 143 1551 218 1616; x_wconf 91' lang='lat' dir='ltr'><strong>Aut</strong></span> <span class='ocrx_word' id='word_1_79' title='bbox 233 1557 393 1616; x_wconf 87' lang='lat' dir='ltr'><strong>montana</strong></span> <span class='ocrx_word' id='word_1_80' title='bbox 408 1551 498 1615; x_wconf 87' lang='lat' dir='ltr'><strong>sedet</strong></span> <span class='ocrx_word' id='word_1_81' title='bbox 516 1550 639 1615; x_wconf 89' lang='lat' dir='ltr'><strong>circum</strong></span> <span class='ocrx_word' id='word_1_82' title='bbox 656 1551 789 1614; x_wconf 88' lang='lat' dir='ltr'><strong>castella</strong></span> <span class='ocrx_word' id='word_1_83' title='bbox 805 1550 866 1615; x_wconf 91' lang='lat' dir='ltr'><strong>sub</strong></span> <span class='ocrx_word' id='word_1_84' title='bbox 881 1549 990 1634; x_wconf 91' lang='lat' dir='ltr'><strong>armis,</strong></span> <span class='ocrx_word' id='word_1_85' title='bbox 1142 1550 1208 1630; x_wconf 69' lang='lat'><strong>440</strong></span> 
     </span>
     <span class='ocr_line' id='line_1_13' title="bbox 143 1655 1042 1739; baseline 0 -18"><span class='ocrx_word' id='word_1_86' title='bbox 143 1657 244 1721; x_wconf 85' lang='lat' dir='ltr'><strong>Nunc</strong></span> <span class='ocrx_word' id='word_1_87' title='bbox 260 1656 319 1720; x_wconf 92' lang='lat' dir='ltr'><strong>hos</strong></span> <span class='ocrx_word' id='word_1_88' title='bbox 335 1676 423 1720; x_wconf 89' lang='lat' dir='ltr'><strong>nuno</strong></span> <span class='ocrx_word' id='word_1_89' title='bbox 438 1655 509 1720; x_wconf 88' lang='lat' dir='ltr'><strong>illos</strong></span> <span class='ocrx_word' id='word_1_90' title='bbox 525 1655 635 1720; x_wconf 86' lang='lat' dir='ltr'><strong>aditus</strong></span> <span class='ocrx_word' id='word_1_91' title='bbox 651 1675 844 1738; x_wconf 89' lang='lat' dir='ltr'><strong>omnemque</strong></span> <span class='ocrx_word' id='word_1_92' title='bbox 860 1662 1004 1739; x_wconf 90' lang='lat' dir='ltr'><strong>pererrat</strong></span> <span class='ocrx_word' id='word_1_93' title='bbox 1035 1705 1042 1722; x_wconf 94' lang='lat'><strong>.</strong></span> 
     </span>
    </p>

    <p class='ocr_par' dir='ltr' id='par_1_12' title="bbox 143 1758 990 1844">
     <span class='ocr_line' id='line_1_14' title="bbox 143 1758 990 1844; baseline -0.002 -18"><span class='ocrx_word' id='word_1_94' title='bbox 143 1763 228 1826; x_wconf 90' lang='lat' dir='ltr'><strong>Arte</strong></span> <span class='ocrx_word' id='word_1_95' title='bbox 243 1761 364 1844; x_wconf 88' lang='lat' dir='ltr'><strong>locum,</strong></span> <span class='ocrx_word' id='word_1_96' title='bbox 380 1767 415 1824; x_wconf 89' lang='lat' dir='ltr'><strong>et</strong></span> <span class='ocrx_word' id='word_1_97' title='bbox 430 1759 527 1824; x_wconf 90' lang='lat' dir='ltr'><strong>variis</strong></span> <span class='ocrx_word' id='word_1_98' title='bbox 542 1759 721 1824; x_wconf 78' lang='lat' dir='ltr'><strong>assultibus</strong></span> <span class='ocrx_word' id='word_1_99' title='bbox 736 1758 848 1824; x_wconf 90' lang='lat' dir='ltr'><strong>irritus</strong></span> <span class='ocrx_word' id='word_1_100' title='bbox 862 1766 990 1844; x_wconf 87' lang='lat' dir='ltr'><strong>urguet.</strong></span> 
     </span>
    </p>

    <p class='ocr_par' dir='ltr' id='par_1_13' title="bbox 145 1863 960 1949">
     <span class='ocr_line' id='line_1_15' title="bbox 145 1863 960 1949; baseline -0.006 -17"><span class='ocrx_word' id='word_1_101' title='bbox 145 1865 304 1932; x_wconf 75' lang='lat' dir='ltr'><strong>Ostendit</strong></span> <span class='ocrx_word' id='word_1_102' title='bbox 320 1864 471 1929; x_wconf 83' lang='lat' dir='ltr'><strong>dextram</strong></span> <span class='ocrx_word' id='word_1_103' title='bbox 486 1863 655 1949; x_wconf 85' lang='lat' dir='ltr'><strong>insurgens</strong></span> <span class='ocrx_word' id='word_1_104' title='bbox 672 1863 826 1928; x_wconf 83' lang='lat' dir='ltr'><strong>Entellus</strong></span> <span class='ocrx_word' id='word_1_105' title='bbox 842 1869 875 1926; x_wconf 87' lang='lat' dir='ltr'><strong>et</strong></span> <span class='ocrx_word' id='word_1_106' title='bbox 893 1863 960 1928; x_wconf 88' lang='lat' dir='ltr'><strong>alte</strong></span> 
     </span>
    </p>

    <p class='ocr_par' dir='ltr' id='par_1_14' title="bbox 142 1967 978 2052">
     <span class='ocr_line' id='line_1_16' title="bbox 142 1967 978 2052; baseline -0.005 -16"><span class='ocrx_word' id='word_1_107' title='bbox 142 1971 299 2052; x_wconf 87' lang='lat' dir='ltr'><strong>Extulit;</strong></span> <span class='ocrx_word' id='word_1_108' title='bbox 322 1969 378 2033; x_wconf 88' lang='lat' dir='ltr'><strong>illc</strong></span> <span class='ocrx_word' id='word_1_109' title='bbox 392 1969 497 2033; x_wconf 84' lang='lat' dir='ltr'><strong>iatum</strong></span> <span class='ocrx_word' id='word_1_110' title='bbox 512 1967 698 2032; x_wconf 85' lang='lat' dir='ltr'><strong>venientem</strong></span> <span class='ocrx_word' id='word_1_111' title='bbox 713 1990 733 2031; x_wconf 90' lang='lat' dir='ltr'><strong>a</strong></span> <span class='ocrx_word' id='word_1_112' title='bbox 749 1967 868 2032; x_wconf 88' lang='lat' dir='ltr'><strong>vertice</strong></span> <span class='ocrx_word' id='word_1_113' title='bbox 884 1967 978 2032; x_wconf 87' lang='lat' dir='ltr'><strong>velox</strong></span> 
     </span>
    </p>

    <p class='ocr_par' dir='ltr' id='par_1_15' title="bbox 142 2069 1208 2260">
     <span class='ocr_line' id='line_1_17' title="bbox 143 2069 1208 2159; baseline -0.001 -19"><span class='ocrx_word' id='word_1_114' title='bbox 143 2075 324 2159; x_wconf 89' lang='lat' dir='ltr'><strong>Praevidit,</strong></span> <span class='ocrx_word' id='word_1_115' title='bbox 343 2073 500 2158; x_wconf 89' lang='lat' dir='ltr'><strong>celerique</strong></span> <span class='ocrx_word' id='word_1_116' title='bbox 516 2074 647 2158; x_wconf 86' lang='lat' dir='ltr'><strong>elapsus</strong></span> <span class='ocrx_word' id='word_1_117' title='bbox 663 2094 791 2158; x_wconf 91' lang='lat' dir='ltr'><strong>corpore</strong></span> <span class='ocrx_word' id='word_1_118' title='bbox 807 2071 925 2138; x_wconf 84' lang='lat' dir='ltr'><strong>cessit:</strong></span> <span class='ocrx_word' id='word_1_119' title='bbox 1141 2069 1208 2139; x_wconf 81' lang='lat'><strong>445</strong></span> 
     </span>
     <span class='ocr_line' id='line_1_18' title="bbox 142 2153 1048 2260; baseline -0.008 -14"><span class='ocrx_word' id='word_1_120' title='bbox 142 2179 299 2246; x_wconf 81' lang='lat' dir='ltr'><strong>Entellus</strong></span> <span class='ocrx_word' id='word_1_121' title='bbox 314 2179 397 2244; x_wconf 87' lang='lat' dir='ltr'><strong>vires</strong></span> <span class='ocrx_word' id='word_1_122' title='bbox 412 2178 446 2243; x_wconf 91' lang='lat' dir='ltr'><strong>in</strong></span> <span class='ocrx_word' id='word_1_123' title='bbox 461 2185 599 2243; x_wconf 87' lang='lat' dir='ltr'><strong>ventum</strong></span> <span class='ocrx_word' id='word_1_124' title='bbox 614 2176 742 2260; x_wconf 88' lang='lat' dir='ltr'><strong>effudit,</strong></span> <span class='ocrx_word' id='word_1_125' title='bbox 761 2185 795 2241; x_wconf 89' lang='lat' dir='ltr'><strong>et</strong></span> <span class='ocrx_word' id='word_1_126' title='bbox 812 2177 897 2240; x_wconf 91' lang='lat' dir='ltr'><strong>ultro</strong></span> <span class='ocrx_word' id='word_1_127' title='bbox 1035 2153 1048 2178; x_wconf 63' lang='grc'>’</span> 
     </span>
    </p>

    <p class='ocr_par' dir='ltr' id='par_1_16' title="bbox 143 2281 1097 2471">
     <span class='ocr_line' id='line_1_19' title="bbox 143 2281 1030 2370; baseline -0.009 -22"><span class='ocrx_word' id='word_1_128' title='bbox 143 2285 224 2370; x_wconf 93' lang='lat' dir='ltr'><strong>Ipse</strong></span> <span class='ocrx_word' id='word_1_129' title='bbox 239 2283 347 2369; x_wconf 83' lang='lat' dir='ltr'><strong>gravis</strong></span> <span class='ocrx_word' id='word_1_130' title='bbox 362 2283 567 2368; x_wconf 82' lang='lat' dir='ltr'><strong>graviterque</strong></span> <span class='ocrx_word' id='word_1_131' title='bbox 583 2282 627 2346; x_wconf 90' lang='lat' dir='ltr'><strong>ad</strong></span> <span class='ocrx_word' id='word_1_132' title='bbox 642 2288 763 2346; x_wconf 90' lang='lat' dir='ltr'><strong>terram</strong></span> <span class='ocrx_word' id='word_1_133' title='bbox 779 2281 919 2365; x_wconf 91' lang='lat' dir='ltr'><strong>pondere</strong></span> <span class='ocrx_word' id='word_1_134' title='bbox 934 2287 1030 2345; x_wconf 82' lang='lat' dir='ltr'><strong>vasto</strong></span> 
     </span>
     <span class='ocr_line' id='line_1_20' title="bbox 145 2382 1097 2471; baseline -0.005 -18"><span class='ocrx_word' id='word_1_135' title='bbox 145 2387 310 2471; x_wconf 82' lang='lat' dir='ltr'><strong>Concidit,</strong></span> <span class='ocrx_word' id='word_1_136' title='bbox 328 2395 366 2452; x_wconf 92' lang='grc'><strong>111</strong></span> <span class='ocrx_word' id='word_1_137' title='bbox 382 2387 548 2470; x_wconf 86' lang='lat' dir='ltr'><strong>quondam</strong></span> <span class='ocrx_word' id='word_1_138' title='bbox 564 2407 644 2450; x_wconf 88' lang='lat' dir='ltr'><strong>cava</strong></span> <span class='ocrx_word' id='word_1_139' title='bbox 660 2385 802 2450; x_wconf 83' lang='lat' dir='ltr'><strong>concidit</strong></span> <span class='ocrx_word' id='word_1_140' title='bbox 818 2401 877 2449; x_wconf 87' lang='lat' dir='ltr'><strong>aut</strong></span> <span class='ocrx_word' id='word_1_141' title='bbox 893 2382 1097 2469; x_wconf 82' lang='lat' dir='ltr'><strong>Erymantho</strong></span> 
     </span>
    </p>

    <p class='ocr_par' dir='ltr' id='par_1_17' title="bbox 143 2490 895 2578">
     <span class='ocr_line' id='line_1_21' title="bbox 143 2490 895 2578; baseline -0.003 -20"><span class='ocrx_word' id='word_1_142' title='bbox 143 2494 220 2558; x_wconf 89' lang='lat' dir='ltr'><strong>Aut</strong></span> <span class='ocrx_word' id='word_1_143' title='bbox 236 2493 298 2558; x_wconf 90' lang='lat' dir='ltr'><strong>Ida</strong></span> <span class='ocrx_word' id='word_1_144' title='bbox 313 2492 349 2558; x_wconf 91' lang='lat' dir='ltr'><strong>in</strong></span> <span class='ocrx_word' id='word_1_145' title='bbox 363 2515 485 2578; x_wconf 86' lang='lat' dir='ltr'><strong>magna</strong></span> <span class='ocrx_word' id='word_1_146' title='bbox 500 2491 662 2557; x_wconf 87' lang='lat' dir='ltr'><strong>radicibus</strong></span> <span class='ocrx_word' id='word_1_147' title='bbox 678 2499 773 2556; x_wconf 87' lang='lat' dir='ltr'><strong>eruta</strong></span> <span class='ocrx_word' id='word_1_148' title='bbox 789 2490 895 2576; x_wconf 86' lang='lat' dir='ltr'><strong>pinus.</strong></span> 
     </span>
    </p>

    <p class='ocr_par' dir='ltr' id='par_1_18' title="bbox 143 2596 1208 2895">
     <span class='ocr_line' id='line_1_22' title="bbox 144 2596 1208 2684; baseline -0.006 -18"><span class='ocrx_word' id='word_1_149' title='bbox 144 2599 356 2684; x_wconf 77' lang='lat' dir='ltr'><strong>Consurgunt</strong></span> <span class='ocrx_word' id='word_1_150' title='bbox 374 2598 491 2663; x_wconf 89' lang='lat' dir='ltr'><strong>studiis</strong></span> <span class='ocrx_word' id='word_1_151' title='bbox 509 2597 628 2663; x_wconf 81' lang='lat' dir='ltr'><strong>Teucri</strong></span> <span class='ocrx_word' id='word_1_152' title='bbox 644 2605 678 2662; x_wconf 90' lang='lat' dir='ltr'><strong>et</strong></span> <span class='ocrx_word' id='word_1_153' title='bbox 695 2596 863 2662; x_wconf 77' lang='lat' dir='ltr'><strong>Trinacria</strong></span> <span class='ocrx_word' id='word_1_154' title='bbox 879 2597 981 2682; x_wconf 89' lang='lat' dir='ltr'><strong>pube</strong></span> <span class='ocrx_word' id='word_1_155' title='bbox 996 2617 1004 2678; x_wconf 88' lang='lat'>;</span> <span class='ocrx_word' id='word_1_156' title='bbox 1141 2596 1208 2663; x_wconf 82' lang='lat'><strong>450</strong></span> 
     </span>
     <span class='ocr_line' id='line_1_23' title="bbox 143 2701 953 2789; baseline -0.004 -19"><span class='ocrx_word' id='word_1_157' title='bbox 143 2706 180 2770; x_wconf 91' lang='lat' dir='ltr'><strong>It</strong></span> <span class='ocrx_word' id='word_1_158' title='bbox 196 2704 319 2769; x_wconf 86' lang='lat' dir='ltr'><strong>clamor</strong></span> <span class='ocrx_word' id='word_1_159' title='bbox 334 2705 431 2788; x_wconf 87' lang='lat' dir='ltr'><strong>coele,</strong></span> <span class='ocrx_word' id='word_1_160' title='bbox 448 2703 636 2789; x_wconf 89' lang='lat' dir='ltr'><strong>primusque</strong></span> <span class='ocrx_word' id='word_1_161' title='bbox 652 2702 791 2768; x_wconf 88' lang='lat' dir='ltr'><strong>accurrit</strong></span> <span class='ocrx_word' id='word_1_162' title='bbox 807 2701 953 2786; x_wconf 84' lang='lat' dir='ltr'><strong>Acestes,</strong></span> 
     </span>
     <span class='ocr_line' id='line_1_24' title="bbox 144 2807 1080 2895; baseline -0.001 -20"><span class='ocrx_word' id='word_1_163' title='bbox 144 2812 426 2895; x_wconf 78' lang='lat' dir='ltr'><strong>Aequaavumque</strong></span> <span class='ocrx_word' id='word_1_164' title='bbox 442 2809 485 2873; x_wconf 89' lang='lat' dir='ltr'><strong>ab</strong></span> <span class='ocrx_word' id='word_1_165' title='bbox 500 2809 600 2872; x_wconf 92' lang='lat' dir='ltr'><strong>humo</strong></span> <span class='ocrx_word' id='word_1_166' title='bbox 616 2807 772 2872; x_wconf 90' lang='lat' dir='ltr'><strong>miserans</strong></span> <span class='ocrx_word' id='word_1_167' title='bbox 787 2807 912 2878; x_wconf 82' lang='lat' dir='ltr'><strong>attollit</strong></span> <span class='ocrx_word' id='word_1_168' title='bbox 928 2807 1080 2874; x_wconf 89' lang='lat' dir='ltr'><strong>amicum.</strong></span> 
     </span>
    </p>

    <p class='ocr_par' dir='ltr' id='par_1_19' title="bbox 143 2911 913 2997">
     <span class='ocr_line' id='line_1_25' title="bbox 143 2911 913 2997; baseline -0.001 -18"><span class='ocrx_word' id='word_1_169' title='bbox 143 2915 194 2980; x_wconf 91' lang='lat' dir='ltr'><strong>At</strong></span> <span class='ocrx_word' id='word_1_170' title='bbox 210 2935 277 2979; x_wconf 92' lang='lat' dir='ltr'><strong>non</strong></span> <span class='ocrx_word' id='word_1_171' title='bbox 292 2915 442 2979; x_wconf 87' lang='lat' dir='ltr'><strong>tardatus</strong></span> <span class='ocrx_word' id='word_1_172' title='bbox 458 2933 537 2978; x_wconf 89' lang='lat' dir='ltr'><strong>casu</strong></span> <span class='ocrx_word' id='word_1_173' title='bbox 554 2933 658 2997; x_wconf 91' lang='lat' dir='ltr'><strong>neque</strong></span> <span class='ocrx_word' id='word_1_174' title='bbox 676 2911 806 2977; x_wconf 88' lang='lat' dir='ltr'><strong>territus</strong></span> <span class='ocrx_word' id='word_1_175' title='bbox 822 2913 913 2978; x_wconf 91' lang='lat' dir='ltr'><strong>heros</strong></span> 
     </span>
    </p>

    <p class='ocr_par' dir='ltr' id='par_1_20' title="bbox 144 3017 962 3106">
     <span class='ocr_line' id='line_1_26' title="bbox 144 3017 962 3106; baseline -0.004 -21"><span class='ocrx_word' id='word_1_176' title='bbox 144 3019 263 3086; x_wconf 89' lang='lat' dir='ltr'><strong>Acrior</strong></span> <span class='ocrx_word' id='word_1_177' title='bbox 278 3020 320 3084; x_wconf 93' lang='lat' dir='ltr'><strong>ad</strong></span> <span class='ocrx_word' id='word_1_178' title='bbox 336 3039 483 3106; x_wconf 88' lang='lat' dir='ltr'><strong>pugnam</strong></span> <span class='ocrx_word' id='word_1_179' title='bbox 499 3017 595 3101; x_wconf 87' lang='lat' dir='ltr'><strong>redit,</strong></span> <span class='ocrx_word' id='word_1_180' title='bbox 613 3039 650 3082; x_wconf 90' lang='lat' dir='ltr'><strong>ac</strong></span> <span class='ocrx_word' id='word_1_181' title='bbox 668 3017 734 3081; x_wconf 92' lang='lat' dir='ltr'><strong>vim</strong></span> <span class='ocrx_word' id='word_1_182' title='bbox 751 3017 890 3082; x_wconf 88' lang='lat' dir='ltr'><strong>suscitat</strong></span> <span class='ocrx_word' id='word_1_183' title='bbox 906 3017 962 3083; x_wconf 90' lang='lat' dir='ltr'><strong>ira.</strong></span> 
     </span>
    </p>

    <p class='ocr_par' dir='ltr' id='par_1_21' title="bbox 145 3121 1208 3314">
     <span class='ocr_line' id='line_1_27' title="bbox 145 3121 1208 3210; baseline -0.002 -20"><span class='ocrx_word' id='word_1_184' title='bbox 145 3125 236 3190; x_wconf 82' lang='lat' dir='ltr'><strong>Tum</strong></span> <span class='ocrx_word' id='word_1_185' title='bbox 251 3125 353 3210; x_wconf 87' lang='lat' dir='ltr'><strong>pudor</strong></span> <span class='ocrx_word' id='word_1_186' title='bbox 370 3122 515 3192; x_wconf 89' lang='lat' dir='ltr'><strong>incendit</strong></span> <span class='ocrx_word' id='word_1_187' title='bbox 530 3122 613 3187; x_wconf 89' lang='lat' dir='ltr'><strong>vires</strong></span> <span class='ocrx_word' id='word_1_188' title='bbox 630 3131 664 3186; x_wconf 90' lang='lat' dir='ltr'><strong>et</strong></span> <span class='ocrx_word' id='word_1_189' title='bbox 680 3122 807 3188; x_wconf 89' lang='lat' dir='ltr'><strong>conscia</strong></span> <span class='ocrx_word' id='word_1_190' title='bbox 822 3123 937 3205; x_wconf 85' lang='lat' dir='ltr'><strong>virtus,</strong></span> <span class='ocrx_word' id='word_1_191' title='bbox 1141 3121 1208 3189; x_wconf 87' lang='lat'><strong>455</strong></span> 
     </span>
     <span class='ocr_line' id='line_1_28' title="bbox 146 3227 1029 3314; baseline -0.006 -19"><span class='ocrx_word' id='word_1_192' title='bbox 146 3229 430 3314; x_wconf 88' lang='lat' dir='ltr'><strong>Praecipitemque</strong></span> <span class='ocrx_word' id='word_1_193' title='bbox 448 3229 559 3292; x_wconf 88' lang='lat' dir='ltr'><strong>Daren</strong></span> <span class='ocrx_word' id='word_1_194' title='bbox 574 3229 690 3293; x_wconf 89' lang='lat' dir='ltr'><strong>ardens</strong></span> <span class='ocrx_word' id='word_1_195' title='bbox 705 3227 777 3314; x_wconf 86' lang='lat' dir='ltr'><strong>agit</strong></span> <span class='ocrx_word' id='word_1_196' title='bbox 794 3247 931 3312; x_wconf 89' lang='lat' dir='ltr'><strong>aequore</strong></span> <span class='ocrx_word' id='word_1_197' title='bbox 949 3234 1029 3310; x_wconf 89' lang='lat' dir='ltr'><strong>toto,</strong></span> 
     </span>
    </p>

    <p class='ocr_par' dir='ltr' id='par_1_22' title="bbox 146 3331 1028 3418">
     <span class='ocr_line' id='line_1_29' title="bbox 146 3331 1028 3418; baseline -0.002 -20"><span class='ocrx_word' id='word_1_198' title='bbox 146 3335 246 3398; x_wconf 86' lang='lat' dir='ltr'><strong>Nunc</strong></span> <span class='ocrx_word' id='word_1_199' title='bbox 262 3335 378 3398; x_wconf 88' lang='lat' dir='ltr'><strong>dextra</strong></span> <span class='ocrx_word' id='word_1_200' title='bbox 392 3333 598 3418; x_wconf 89' lang='lat' dir='ltr'><strong>ingeminans</strong></span> <span class='ocrx_word' id='word_1_201' title='bbox 613 3332 701 3398; x_wconf 88' lang='lat' dir='ltr'><strong>ictus</strong></span> <span class='ocrx_word' id='word_1_202' title='bbox 716 3355 804 3397; x_wconf 89' lang='lat' dir='ltr'><strong>nunc</strong></span> <span class='ocrx_word' id='word_1_203' title='bbox 820 3332 874 3396; x_wconf 92' lang='lat' dir='ltr'><strong>ille</strong></span> <span class='ocrx_word' id='word_1_204' title='bbox 892 3331 1028 3397; x_wconf 89' lang='lat' dir='ltr'><strong>sinistra.</strong></span> 
     </span>
    </p>

    <p class='ocr_par' dir='ltr' id='par_1_23' title="bbox 146 3435 1223 3629">
     <span class='ocr_line' id='line_1_30' title="bbox 146 3435 1223 3524; baseline -0.001 -21"><span class='ocrx_word' id='word_1_205' title='bbox 146 3438 216 3503; x_wconf 86' lang='lat' dir='ltr'><strong>Neo</strong></span> <span class='ocrx_word' id='word_1_206' title='bbox 232 3459 332 3522; x_wconf 88' lang='lat' dir='ltr'><strong>mora,</strong></span> <span class='ocrx_word' id='word_1_207' title='bbox 349 3459 409 3502; x_wconf 88' lang='lat' dir='ltr'><strong>nec</strong></span> <span class='ocrx_word' id='word_1_208' title='bbox 425 3437 570 3522; x_wconf 86' lang='lat' dir='ltr'><strong>requies:</strong></span> <span class='ocrx_word' id='word_1_209' title='bbox 596 3457 696 3524; x_wconf 88' lang='lat' dir='ltr'><strong>quam</strong></span> <span class='ocrx_word' id='word_1_210' title='bbox 712 3437 818 3502; x_wconf 89' lang='lat' dir='ltr'><strong>multa</strong></span> <span class='ocrx_word' id='word_1_211' title='bbox 834 3435 990 3521; x_wconf 87' lang='lat' dir='ltr'><strong>grandina</strong></span> <span class='ocrx_word' id='word_1_212' title='bbox 1006 3435 1110 3502; x_wconf 91' lang='lat' dir='ltr'><strong>nimbi</strong></span> <span class='ocrx_word' id='word_1_213' title='bbox 1218 3475 1223 3485; x_wconf 90' lang='lat'><strong>·</strong></span> 
     </span>
     <span class='ocr_line' id='line_1_31' title="bbox 148 3541 994 3629; baseline -0.004 -19"><span class='ocrx_word' id='word_1_214' title='bbox 148 3543 356 3610; x_wconf 89' lang='lat' dir='ltr'><strong>Culminibus</strong></span> <span class='ocrx_word' id='word_1_215' title='bbox 372 3542 557 3629; x_wconf 89' lang='lat' dir='ltr'><strong>crepitant;</strong></span> <span class='ocrx_word' id='word_1_216' title='bbox 583 3543 627 3609; x_wconf 91' lang='lat' dir='ltr'><strong>sic</strong></span> <span class='ocrx_word' id='word_1_217' title='bbox 643 3542 751 3609; x_wconf 77' lang='grc'><strong>(1111111</strong></span> <span class='ocrx_word' id='word_1_218' title='bbox 766 3541 888 3606; x_wconf 91' lang='lat' dir='ltr'><strong>ictibus</strong></span> <span class='ocrx_word' id='word_1_219' title='bbox 903 3542 994 3607; x_wconf 91' lang='lat' dir='ltr'><strong>heros</strong></span> 
     </span>
    </p>

    <p class='ocr_par' dir='ltr' id='par_1_24' title="bbox 148 3647 1211 3734">
     <span class='ocr_line' id='line_1_32' title="bbox 148 3647 1211 3734; baseline -0.003 -19"><span class='ocrx_word' id='word_1_220' title='bbox 148 3649 268 3716; x_wconf 87' lang='lat' dir='ltr'><strong>Creber</strong></span> <span class='ocrx_word' id='word_1_221' title='bbox 282 3657 423 3734; x_wconf 88' lang='lat' dir='ltr'><strong>utraque</strong></span> <span class='ocrx_word' id='word_1_222' title='bbox 439 3669 542 3713; x_wconf 88' lang='lat' dir='ltr'><strong>manu</strong></span> <span class='ocrx_word' id='word_1_223' title='bbox 557 3649 669 3734; x_wconf 89' lang='lat' dir='ltr'><strong>pulsat</strong></span> <span class='ocrx_word' id='word_1_224' title='bbox 684 3655 857 3731; x_wconf 83' lang='lat' dir='ltr'><strong>versatque</strong></span> <span class='ocrx_word' id='word_1_225' title='bbox 874 3647 1007 3715; x_wconf 87' lang='lat' dir='ltr'><strong>Dareta.</strong></span> <span class='ocrx_word' id='word_1_226' title='bbox 1020 3722 1025 3734; x_wconf 93' lang='lat'>.</span> <span class='ocrx_word' id='word_1_227' title='bbox 1145 3647 1211 3714; x_wconf 90' lang='grc'><strong>460</strong></span> 
     </span>
    </p>
   </div>
   <div class='ocr_carea' id='block_1_5' title="bbox 133 3751 1041 4048">
    <p class='ocr_par' dir='ltr' id='par_1_25' title="bbox 133 3751 1041 4048">
     <span class='ocr_line' id='line_1_33' title="bbox 133 3751 899 3840; baseline -0.001 -22"><span class='ocrx_word' id='word_1_228' title='bbox 133 3753 237 3820; x_wconf 82' lang='grc' dir='ltr'><strong>·Τ11111</strong></span> <span class='ocrx_word' id='word_1_229' title='bbox 252 3761 348 3840; x_wconf 91' lang='lat' dir='ltr'><strong>pater</strong></span> <span class='ocrx_word' id='word_1_230' title='bbox 363 3753 492 3818; x_wconf 88' lang='lat' dir='ltr'><strong>Aeneas</strong></span> <span class='ocrx_word' id='word_1_231' title='bbox 508 3753 677 3838; x_wconf 84' lang='lat' dir='ltr'><strong>procedere</strong></span> <span class='ocrx_word' id='word_1_232' title='bbox 693 3752 821 3838; x_wconf 87' lang='lat' dir='ltr'><strong>longius</strong></span> <span class='ocrx_word' id='word_1_233' title='bbox 836 3751 899 3818; x_wconf 89' lang='lat' dir='ltr'><strong>iras</strong></span> 
     </span>
     <span class='ocr_line' id='line_1_34' title="bbox 147 3856 1041 3942; baseline -0.002 -18"><span class='ocrx_word' id='word_1_234' title='bbox 147 3859 194 3924; x_wconf 90' lang='lat' dir='ltr'><strong>Et</strong></span> <span class='ocrx_word' id='word_1_235' title='bbox 210 3857 333 3925; x_wconf 85' lang='lat' dir='ltr'><strong>saevire</strong></span> <span class='ocrx_word' id='word_1_236' title='bbox 349 3857 467 3922; x_wconf 88' lang='lat' dir='ltr'><strong>animis</strong></span> <span class='ocrx_word' id='word_1_237' title='bbox 483 3857 657 3921; x_wconf 87' lang='lat' dir='ltr'><strong>Entellum</strong></span> <span class='ocrx_word' id='word_1_238' title='bbox 673 3857 763 3921; x_wconf 87' lang='lat' dir='ltr'><strong>haud</strong></span> <span class='ocrx_word' id='word_1_239' title='bbox 779 3877 893 3942; x_wconf 89' lang='lat' dir='ltr'><strong>passus</strong></span> <span class='ocrx_word' id='word_1_240' title='bbox 909 3856 1041 3939; x_wconf 84' lang='lat' dir='ltr'><strong>acerbis,</strong></span> 
     </span>
     <span class='ocr_line' id='line_1_35' title="bbox 149 3961 1005 4048; baseline -0.008 -17"><span class='ocrx_word' id='word_1_241' title='bbox 149 3965 213 4032; x_wconf 86' lang='lat' dir='ltr'><strong>Sed</strong></span> <span class='ocrx_word' id='word_1_242' title='bbox 228 3963 330 4028; x_wconf 86' lang='lat' dir='ltr'><strong>finem</strong></span> <span class='ocrx_word' id='word_1_243' title='bbox 344 3961 505 4048; x_wconf 89' lang='lat' dir='ltr'><strong>imposuit</strong></span> <span class='ocrx_word' id='word_1_244' title='bbox 520 3982 661 4047; x_wconf 89' lang='lat' dir='ltr'><strong>pugnae,</strong></span> <span class='ocrx_word' id='word_1_245' title='bbox 677 3962 862 4046; x_wconf 86' lang='lat' dir='ltr'><strong>fessumque</strong></span> <span class='ocrx_word' id='word_1_246' title='bbox 879 3961 1005 4025; x_wconf 88' lang='lat' dir='ltr'><strong>Dareta</strong></span> 
     </span>
    </p>
   </div>
   <div class='ocr_carea' id='block_1_6' title="bbox 0 0 1459 4518">
    <p class='ocr_par' dir='ltr' id='par_1_26' title="bbox 0 0 1459 4518">
     <span class='ocr_line' id='line_1_36' title="bbox 0 0 1459 4518; baseline 0 0"><span class='ocrx_word' id='word_1_247' title='bbox 0 0 1459 4518; x_wconf 95' lang='lat' dir='ltr'><strong> </strong></span> 
     </span>
    </p>
   </div>
  </div>
 </body>
</html>
