2944 4522
256 311 321 376 266
613 303 786 372 snunnios
808 325 873 374 nra.
898 325 945 372 111.

255 487 423 572 Armaque
439 506 633 572 corporaque
649 492 683 550 et
700 484 853 570 permixti
870 484 967 550 caede
982 484 1123 550 virorum
1232 561 1236 568 ἱ

256 593 471 658 Semianimes
487 593 664 657 volvuntur
680 590 766 676 equi,
784 612 897 675 pugna
912 611 1027 676 aspera
1044 591 1158 676 surgit.
1251 592 1318 657 635

256 699 442 766 Orsilochus
458 697 602 782 Remuli,
621 699 751 783 quando
765 697 876 782 ipsum
890 696 1040 762 horrebat
1057 697 1157 781 adire,

255 805 396 870 Hastam
413 804 543 870 intorsit
560 823 653 888 equo,
670 803 857 888 ferrumque
875 802 935 868 sub
950 824 1028 867 aure
1043 802 1194 888 reliquit:

256 913 328 992 Quo
344 910 470 996 sonipes
486 910 557 975 ictu
571 909 651 974 furit
667 910 800 994 arduus,
818 910 951 994 altaque
964 908 1072 994 jactat

256 1014 408 1080 Vulneris
423 1013 602 1101 impatiens
618 1023 741 1080 arrecto
757 1022 886 1100 pectore
902 1037 1013 1082 crura:

255 1119 410 1185 Volvitur
423 1120 479 1184 ille
495 1141 649 1186 excussus
664 1120 766 1186 humi.
816 1119 956 1185 Catillus
969 1120 1078 1185 ·Iollan
1252 1117 1318 1184 640

255 1225 493 1310 Ingentemque
509 1225 638 1309 animis,
651 1225 820 1311 ingentem
836 1247 964 1311 corpore
980 1233 1014 1290 et
1029 1223 1137 1309 armis,

257 1329 379 1415 Dejicit
395 1330 614 1415 Herminium,
631 1331 720 1396 nudo
735 1331 788 1396 cui
803 1331 923 1396 vertice
937 1331 1028 1396 fulva

257 1437 434 1522 Caesaries,
451 1436 596 1521 nudique
612 1436 740 1502 humeri
754 1457 763 1518 ;
789 1458 848 1501 neo
865 1436 1002 1502 vulnera
1017 1442 1159 1501 terrent:

257 1541 386 1607 Tantus
400 1541 436 1606 in
451 1562 541 1606 arma
556 1548 659 1626 patet.
707 1540 809 1608 Latos
824 1542 900 1606 huic
916 1537 1013 1606 hasta
1028 1561 1085 1626 per
1099 1561 1206 1606 armos

255 1646 343 1710 Acta
359 1646 483 1730 tremit,
500 1646 714 1731 duplicatque
730 1646 838 1712 virum
854 1647 1013 1712 transfixa
1028 1647 1144 1714 dolore.
1252 1644 1317 1712 645

255 1743 423 1815 Funditu'r
437 1759 509 1815 ater
523 1750 644 1836 ubique
661 1773 773 1834 cruor;
798 1753 879 1817 dant
894 1753 1009 1817 funera
1023 1751 1105 1817 ferro

257 1852 439 1938 Certantes,
457 1855 695 1940 pulchramque
711 1865 830 1940 petunt
846 1878 905 1942 per
919 1857 1053 1922 vulnera
1068 1861 1218 1922 mortem.

256 1957 304 2022 At
320 1957 443 2024 medias
458 1959 544 2024 inter
559 1943 673 2025 caedes
689 1961 834 2026 exsultat
851 1960 1010 2044 Amazon,

256 2062 373 2130 Unum
388 2071 516 2130 exserta
530 2065 618 2149 latus
633 2087 774 2151 pugnae,
792 2066 981 2150 pharetrata
999 2065 1147 2150 Camilla,

257 2169 305 2235 Ht
321 2191 409 2235 nunc
424 2169 515 2235 lenta
530 2191 633 2234 manu
649 2192 802 2256 spargens
818 2171 951 2236 hastilia
966 2171 1090 2254 denset,
1252 2169 1317 2236 650

256 2275 355 2341 Nunc
369 2275 514 2340 validam
530 2275 646 2340 dextra
661 2275 748 2360 rapit
763 2275 925 2341 indefessa
939 2275 1115 2361 bipennem
1128 2294 1137 2358 ;

256 2382 388 2448 Aureus
404 2403 445 2446 ex
459 2382 594 2446 humero
610 2387 704 2446 sonat
722 2403 815 2446 arcus
831 2389 864 2446 et
881 2403 972 2446 arma
988 2380 1122 2448 Dianae.

257 2487 322 2552 Illa
337 2487 449 2570 etiam,
468 2485 640 2570 siquando
656 2486 690 2550 in
707 2494 837 2572 tergum
852 2487 948 2572 pulsa
964 2485 1104 2569 recessit,

258 2591 392 2676 Spicula
407 2611 556 2655 converso
571 2590 734 2675 fugientia
750 2590 860 2676 dirigit
876 2613 962 2658 areu.
1020 2661 1024 2667 .
1218 2577 1221 2584 ⁴

256 2697 306 2762 At
321 2696 446 2761 circum
460 2695 564 2761 lectae
580 2695 727 2780 comites,
744 2696 929 2782 Larinaque
945 2697 1035 2782 virgo
1253 2695 1318 2762 655

257 2800 419 2884 Tullaque
435 2805 468 2864 et
484 2807 629 2864 aeratam
646 2800 799 2885 quatiens
816 2801 957 2887 Tarpeia
973 2801 1123 2884 securim,

256 2905 403 2989 Italides,
420 2925 503 2988 quas
518 2905 590 2991 ipsa
605 2906 703 2971 decus
719 2906 781 2971 sibi
796 2907 851 2971 dia
868 2907 1007 2973 Camilla

259 3009 391 3096 Delegit
403 3009 556 3095 pacisque
571 3010 674 3076 bonas
688 3010 831 3095 bellique
847 3011 1012 3076 ministras
1026 3033 1033 3077 :

258 3115 378 3196 Quales
395 3113 564 3179 Threiciae
580 3135 683 3199 quum
698 3115 835 3180 flumina
851 3115 1100 3182 Thermodontis

258 3220 399 3285 Pulsant
415 3227 449 3286 et
465 3219 564 3305 pictis
578 3219 743 3285 bellantur
758 3219 942 3292 Amazones
958 3219 1067 3304 armis,
1254 3219 1319 3286 660

258 3325 323 3392 Seu
339 3324 463 3391 circum
479 3323 693 3410 Hippolyten,
711 3346 768 3390 seu
784 3346 887 3409 quum
903 3347 935 3390 se
952 3324 1073 3390 Martia
1088 3345 1187 3390 curru

258 3429 469 3495 Penthesilea
484 3429 591 3515 refert,
609 3451 793 3516 magnoque
809 3431 957 3496 ululante
972 3431 1125 3495 tumultu

258 3535 415 3600 Feminea
431 3535 599 3602 exsultant
615 3535 738 3600 lunatis
753 3535 886 3622 agmina
900 3536 1007 3621 peltis

259 3641 366 3721 Quem
382 3642 447 3706 telo
463 3641 616 3726 primum,
635 3661 733 3724 quem
747 3649 949 3725 postremum
964 3660 1079 3724 aspera
1095 3638 1185 3724 virgo

258 3746 391 3831 Dejicis,
408 3753 467 3811 aut
483 3753 564 3830 quot
579 3745 672 3810 humi
688 3745 859 3810 morientia
875 3746 1006 3830 00111111
1020 3742 1157 3842 lundis?
1253 3743 1316 3810 665

258 3853 411 3918 Euneum
428 3849 534 3934 Olytio
549 3850 693 3934 primum
709 3858 819 3934 patre:
845 3849 939 3935 eujus
954 3849 1108 3934 apertum
1125 3884 1128 3888 ·

260 3953 397 4022 Adversi
410 3953 507 4038 longa
523 3952 761 4018 transverberat
776 3952 883 4018 abiete
899 3959 1026 4038 peetus.
