2944 4522
528 315 700 371 susurros
722 315 787 365 ura.
811 316 874 366 xrr.
1166 295 1232 366 279

167 475 269 542 Haud
286 495 378 540 secus
392 472 549 541 instructi
562 475 657 560 ferro,
675 496 775 560 quam
791 474 819 541 si
834 496 948 560 aspera
965 475 1083 542 Martis

167 584 286 670 Pugna
300 591 401 650 vocet.
448 581 519 648 Neo
535 605 601 648 non
614 583 782 648 mediisin
796 583 942 649 millibus
958 583 1021 669 ipsi
1167 585 1231 653 125

168 689 330 754 Ductores
345 709 424 752 auro
439 687 581 753 volitant
596 694 747 771 ostroque
763 687 904 773 superbi,

166 793 215 858 Et
230 813 333 878 genus
348 791 500 858 Assaraci
516 791 719 876 Mnestheus,
737 800 771 857 et
788 793 880 858 fortis
895 793 1015 878 Asilas,

167 897 215 964 Et
231 897 402 988 Messapus
418 903 540 983 equum
555 897 705 982 domitor,
720 897 890 984 Neptunia
905 899 1019 984 proles.

168 1003 285 1088 thue
300 1003 378 1068 dato
394 1003 486 1089 signo
502 1002 611 1089 spatia
626 1002 662 1067 in
678 1024 739 1068 sua
755 1002 893 1089 quisque
908 1003 1059 1088 recessit3

168 1107 329 1194 Defigunt
345 1107 457 1172 telluri
471 1107 582 1173 hastas
598 1114 633 1172 et
650 1116 743 1173 scuta
758 1107 925 1175 reclinant.
1164 1112 1231 1176 130

168 1212 259 1278 Tum
274 1211 382 1277 studio
399 1211 520 1277 effusae
535 1219 658 1278 matres
675 1220 709 1278 et
724 1213 843 1298 vulgus
858 1213 1021 1280 inermum

168 1314 375 1401 Invalidique
391 1336 483 1382 senes
498 1321 605 1381 turres
621 1322 655 1381 et
673 1323 765 1382 tecta
779 1317 951 1383 domorum

170 1421 346 1507 Obsedere,
363 1422 421 1487 alii
435 1423 537 1508 portis
556 1422 748 1488 sublimibus
764 1424 908 1490 adstant.

237 1527 287 1592 At
303 1526 327 1593 J
328 1549 393 1592 uno
409 1547 426 1591 6
443 1544 579 1610 summo,
597 1527 654 1611 qui
669 1549 756 1592 nunc
772 1525 924 1594 Albanus
940 1527 1103 1594 babetur·

168 1633 259 1698 Tum
271 1653 377 1718 neque
389 1653 507 1697 nornen
520 1639 590 1696 erat
601 1653 708 1716 neque
719 1632 819 1698 honos
832 1641 891 1699 aut
901 1632 1002 1720 gloria
1011 1635 1138 1702 monti·
1145 1686 1155 1721 ‚
1165 1637 1231 1703 135

168 1737 372 1824 Prospiciens
387 1738 516 1802 tumulo
531 1759 686 1824 campum
702 1739 915 1824 adspectabat
932 1745 966 1804 et
981 1740 1097 1806 ambas

167 1844 375 1910 Laurentum
391 1845 577 1928 Troumque
593 1844 677 1910 acies
693 1844 871 1931 urbemque
886 1845 1007 1914 Latini.

168 1949 347 2037 Extemplo
364 1950 468 2016 Turni
483 1951 528 2018 sic
543 1958 592 2016 est
608 1949 710 2016 affata
726 1973 875 2034 sororem,

170 2055 255 2121 Diva
269 2056 375 2140 deam,
393 2056 516 2142 stagnis
532 2077 615 2141 quae
631 2055 886 2140 fluminibusque
902 2053 1022 2120 sonoris

170 2161 458 2228 Praesidet-huuc
472 2161 522 2228 illi
537 2183 595 2226 rex
610 2161 750 2226 aetheris
766 2161 854 2226 altus
869 2159 1024 2224 bonorem
1165 2157 1230 2226 140

168 2267 304 2353 Jupiter
318 2275 431 2352 erepta
446 2289 503 2354 pro
518 2265 708 2354 virginitate
724 2265 864 2332 sacravit
874 2303 889 2315 -
904 2286 911 2331 :

170 2370 192 2404 “
204 2371 372 2458 Nympha,
389 2372 487 2438 decus
502 2371 687 2456 fluviorum,
704 2371 813 2436 animo
829 2369 995 2436 carissima
1010 2376 1130 2454 nostre,

170 2475 192 2509 “
206 2477 287 2562 Scis,
303 2483 343 2541 ut
359 2483 393 2541 te
409 2477 535 2542 cunctis
550 2499 662 2561 unam,
679 2497 904 2562 quaecumque
920 2475 1058 2542 Latinae

170 2581 192 2614 “
206 2581 411 2668 Magnanimi
426 2581 450 2646 J
452 2582 519 2648 ovis
533 2584 702 2668 ingratum
717 2581 912 2647 adscendere
928 2581 1044 2666 cubile,

170 2687 192 2720 “
204 2687 431 2772 Praetulerim,
448 2686 592 2772 coelique
607 2687 713 2752 libens
727 2687 763 2751 in
778 2693 873 2772 parte
888 2686 1044 2755 locatim:
1160 2685 1225 2754 145

170 2791 305 2857 “Disce
321 2799 428 2876 tuum,
445 2812 487 2856 ne
501 2812 555 2856 me
570 2791 710 2874 incuses,
726 2790 884 2875 daturne,
901 2792 1051 2859 dolorem.

170 2896 276 2979 “Qua
291 2897 362 2962 visa
377 2903 427 2962 ast
442 2896 574 2962 fortuna
589 2896 671 2982 pati,
690 2895 875 2981 Parcaeque
892 2897 1042 2963 sinebant

169 3001 191 3034 “
205 3001 325 3068 Cedere
341 3023 391 3068 res
405 3001 513 3084 Latio,
531 3001 681 3066 Turnum
696 3007 730 3066 61
747 3009 807 3066 tua
821 3002 949 3066 moenia
966 3001 1035 3066 texi
1049 3023 1058 3084 ;

169 3106 191 3140 “
204 3105 304 3171 Nunc
316 3105 472 3191 juvenem
486 3105 667 3192 imparibus
682 3107 776 3173 video
792 3127 978 3172 concurrere
992 3105 1081 3190 fatis,

169 3210 447 3296 “Parcarumque
462 3211 531 3278 dies
547 3219 582 3276 et
596 3211 645 3277 vis
660 3211 794 3278 inimica
809 3211 1017 3298 propinquat.
1165 3212 1231 3278 150

169 3314 191 3349 “
204 3315 281 3380 Non
297 3338 444 3402 pugnam
458 3316 622 3404 adspicere
638 3316 722 3382 banc
734 3317 845 3401 oculis,
858 3338 924 3381 non
934 3316 1064 3381 foedera
1075 3336 1229 3401 possum3

170 3419 193 3453 “
207 3421 272 3505 Tu,
289 3442 347 3507 pro
362 3442 514 3508 germano
529 3422 557 3488 si
572 3421 653 3506 quid
667 3420 872 3507 praesentius
888 3421 998 3504 audes,

169 3524 191 3558 “
204 3524 328 3611 Perge:
354 3525 456 3592 decet.
503 3525 628 3592 Forsan
643 3525 775 3591 miseros
790 3523 924 3588 meliora
940 3525 1148 3608 sequentur.''

168 3628 239 3695 Vix
254 3650 302 3713 ea,
320 3651 423 3715 quum
437 3631 589 3697 lacrimas
604 3629 706 3696 oculis
721 3630 745 3696 J
747 3637 868 3695 utuma
882 3629 1039 3714 profudit,

169 3734 297 3819 'Perque
313 3741 493 3821 quaterque
508 3757 610 3801 manu
625 3741 740 3820 pectus
756 3733 915 3820 percussit
930 3733 1114 3803 honestum.
1163 3737 1229 3802 155

169 3838 192 3872 “
203 3838 237 3904 N
238 3861 280 3905 on
294 3839 436 3906 lacrimis
449 3840 510 3906 hoc
526 3848 658 3927 tempus
667 3842 686 3870 ''
703 3839 751 3904 ait
769 3839 924 3907 Saturnia
939 3839 1051 3923 Juuo;

171 3943 193 3976 “
205 3943 371 4029 Accelera,
388 3952 422 4010 et
436 3945 582 4030 fratrem,
599 3945 627 4012 si
643 3945 716 4032 quis
732 3946 859 4030 modus,
876 3946 963 4032 eripe
978 3947 1087 4030 morti,
