2898 4518
495 337 664 382 1111111101
687 338 752 386 nm.
781 339 825 384 vr.
1027 371 1030 378 ,
1135 320 1200 388 137

133 496 151 524 ·‘
167 494 313 560 Gnosius
326 495 409 560 haec
426 495 702 562 Rhadamanthus
717 496 826 579 habet,
844 497 1018 562 durissima
1034 519 1143 584 regna,

130 598 150 630 “
166 599 385 686 Castigatque
401 600 561 684 auditque
577 601 678 684 dolos,
695 601 882 686 subigitque
897 601 1004 686 fateri,

129 703 149 735 “
164 703 261 784 Quae
278 703 351 788 quis
366 704 457 788 apud
473 724 615 788 superos,
631 703 719 769 furto
735 705 878 769 lactatus
894 704 995 788 inani,

129 807 308 872 “Distulit
323 807 358 872 in
374 829 479 873 seram
494 808 665 874 commissa
681 809 810 894 piacula
825 818 971 877 mortem.

128 910 149 941 “
165 910 334 976 Continuo
351 919 460 976 sontes
476 911 580 976 ultrix
597 913 745 978 accincta
753 914 889 998 flagello
1087 979 1090 986 ,
1129 911 1195 982 570

128 1014 148 1046 “
164 1015 346 1101 Tisiphone
363 1016 472 1101 quatit
488 1016 663 1102 insultans,
681 1024 852 1102 torvosque
870 1018 1001 1084 sinistra

128 1121 148 1150 ‘⁶
162 1121 345 1186 intentans
359 1142 494 1206 angues,
512 1130 607 1186 vocat
623 1121 754 1204 agmina
770 1144 865 1187 saeva
882 1145 1033 1190 sororum.

127 1227 148 1258 “
163 1226 257 1291 Tum
271 1227 403 1291 demum
419 1226 582 1292 horrisono
599 1226 774 1291 stridentes
790 1227 920 1292 cardine
937 1249 1044 1292 sacrae

127 1333 147 1363 “
164 1333 364 1396 Panduntur
380 1340 502 1417 portae.
551 1332 673 1415 Cernis,
691 1332 838 1397 custodia
853 1333 959 1418 qualis

127 1439 147 1468 “
163 1437 340 1502 Vestibula
357 1437 477 1519 sedeat,
494 1437 593 1502 facies
609 1457 692 1520 quae
707 1437 822 1501 limina
837 1440 971 1503 servet?
1124 1441 1189 1505 575

127 1541 148 1572 “
163 1542 414 1627 Quinquaginta
429 1541 508 1606 atris
523 1541 676 1605 immanis
692 1541 837 1606 hiatibus
854 1541 968 1626 Hydra

127 1646 147 1676 “
163 1645 298 1712 Saevior
312 1645 402 1711 intus
418 1646 517 1710 habet
534 1646 663 1728 sedem3
688 1652 763 1710 tum
780 1645 939 1712 Tartarus
954 1648 1023 1733 ipse

127 1749 147 1780 “
162 1750 224 1814 Bis
242 1759 335 1836 patet
351 1751 387 1814 in
403 1771 557 1836 praeceps
573 1758 707 1816 tantum
723 1752 892 1836 tenditque
909 1753 969 1816 sub
985 1753 1128 1836 umbras,

126 1857 147 1888 “
163 1857 317 1938 Quantus
333 1858 374 1922 ad
390 1857 572 1928 aetherium
588 1856 667 1922 coeli
683 1866 852 1946 suspectus
869 1856 1055 1942 Olympum.

126 1961 147 1992 “
161 1962 232 2026 Hic
249 1983 350 2047 genus
366 1961 544 2047 antiquum
561 1962 689 2046 Terrae,
708 1961 842 2026 Titania
857 1963 971 2047 pubes,
1123 1964 1189 2029 580

125 2066 147 2098 “
161 2066 320 2131 Fulmina
337 2066 454 2151 dejecti
468 2067 569 2132 fundo
584 2067 761 2132 volvuntur
776 2067 810 2130 in
826 2066 899 2132 ime.

126 2171 147 2202 “
161 2171 230 2236 Hic
246 2179 279 2236 ct
295 2171 430 2237 Aloidas
445 2171 601 2257 geminos,
617 2171 777 2236 immania
793 2171 861 2234 vidi

126 2275 148 2308 “
162 2276 316 2362 Corpora,
334 2277 392 2362 qui
407 2277 558 2342 manibus
572 2299 730 2362 magnum
747 2276 926 2341 rescindere
942 2277 1068 2341 coelum

125 2380 147 2413 “
162 2381 328 2466 Aggressi,
347 2381 535 2466 superisque
551 2380 575 2446 J
577 2401 670 2445 ovem
685 2381 854 2446 detrudere
872 2380 985 2465 regnis.
1230 2465 1233 2472 Ι

125 2485 245 2550 “Vidi
261 2492 294 2549 ct
311 2486 455 2551 crudeles
471 2487 605 2551 dantem
622 2486 795 2552 Salmonea
810 2507 941 2570 poenas,
1088 2493 1090 2500 '
1121 2489 1187 2554 585

125 2589 147 2621 “
162 2590 257 2654 Dum
272 2589 421 2654 flammas
437 2589 461 2654 J
463 2589 530 2655 ovis
546 2597 580 2654 01
597 2590 722 2655 sonitus
738 2589 889 2654 imitatur
907 2589 1080 2676 Olympi-2

126 2693 148 2726 “
163 2694 313 2775 Quatuor
326 2695 379 2760 hic
395 2695 543 2760 invectus
559 2695 650 2780 cquis
667 2701 700 2759 et
717 2695 872 2780 lampada
888 2716 1044 2780 quassans

126 2800 227 2864 “Per
243 2800 381 2865 Graium
397 2801 532 2885 populos
547 2800 737 2888 mediaeque
754 2820 812 2884 per
826 2799 930 2866 Elidis
945 2801 1058 2866 urbem

127 2905 242 2969 “Ibat
259 2927 368 2989 ovans,
385 2905 563 2990 divumque
580 2905 642 2970 sibi
657 2905 813 2990 poscebat
829 2906 992 2990 honorem,

126 3009 146 3040 “
162 3009 318 3092 Demens,
336 3009 393 3094 qui
407 3009 536 3074 nimbos
551 3015 584 3073 ct
600 3031 666 3074 non
680 3009 838 3075 imitabile
853 3009 977 3074 fulmen
1120 3013 1187 3078 590

126 3113 147 3145 “
161 3115 248 3178 Aere
264 3121 298 3178 et
314 3113 527 3198 cornipedum
541 3114 640 3198 pulsu
655 3113 822 3178 simularet
838 3135 1004 3198 equorum.

126 3220 211 3285 “At
226 3228 321 3306 pater
335 3219 540 3308 omnipotens
557 3221 656 3285 densa
672 3220 758 3284 inter
772 3220 886 3285 nubila
901 3219 1006 3284 telum

126 3325 149 3357 “
163 3324 338 3410 Contorsit,
355 3345 420 3388 non
435 3324 489 3388 illc
505 3324 589 3390 faces
605 3345 664 3389 nec
678 3324 790 3388 fumea
806 3323 911 3388 taedis

126 3431 147 3463 “
160 3429 317 3513 Lumina,
331 3429 607 3514 praecipitemque
622 3429 760 3520 immani
775 3427 906 3492 turbine
923 3429 1059 3513 adegit.-

125 3535 147 3567 “
161 3535 232 3599 Nec
248 3555 313 3599 non
329 3541 362 3598 et
380 3533 511 3618 Tityon,
530 3533 647 3598 Terrae
664 3533 896 3618 omniparentis
912 3534 1093 3621 alumnum,
1120 3538 1185 3604 595

125 3640 147 3672 “
162 3640 299 3706 Cernere
315 3646 395 3722 crat,
412 3661 470 3724 per
485 3647 556 3702 tota
572 3659 689 3702 novem
704 3638 758 3730 cui
769 3637 884 3723 jugera
900 3661 1015 3725 corpus

126 3746 146 3778 “
160 3744 353 3830 Porrigitur,
371 3752 535 3827 rostroque
551 3743 702 3807 immanis
718 3743 830 3807 vultur
845 3745 970 3811 obunco

126 3851 146 3882 “
159 3849 350 3915 Immortale
362 3849 454 3933 jecur
468 3849 606 3912 tondens
621 3848 825 3932 fecundaque
840 3851 951 3934 poenis
1057 3885 1059 3890 ·

126 3955 293 4022 “Viscera
309 3954 509 4037 rimaturque
525 3953 639 4038 epulis,
656 3952 850 4038 habitatque
865 3955 926 4020 sub
941 3956 1010 4022 alto
