2944 4522
544 1048 584 1116 P.
614 1047 808 1116 VIRGILII
838 1047 1030 1118 ursolus

465 1253 1109 1352 AENEIDOS

611 1490 754 1556 LIBER
777 1490 950 1560 NONUS.

678 1701 893 1727 —000—

258 1853 373 1939 Atque
387 1875 426 1918 ea
440 1853 566 1920 diversa
581 1853 712 1938 penitus
727 1854 809 1918 dum
823 1861 915 1940 parte
931 1863 1099 1942 geruntur,

259 1959 339 2024 Irim
354 1961 394 2025 de
410 1959 498 2025 coelo
513 1957 604 2024 misit
622 1957 776 2026 Saturnia
790 1957 815 2024 J
815 1980 881 2024 uno

259 2064 429 2130 Audacem
445 2065 487 2130 ad
504 2063 663 2129 Turnum.
710 2061 800 2128 Luco
815 2070 891 2128 tum
905 2063 987 2130 forte
1002 2067 1150 2150 parentis

260 2169 406 2234 Pilumni
421 2168 551 2234 Turnus
567 2173 695 2234 sacrata
710 2167 794 2232 valle
810 2167 952 2233 sedebat.

259 2273 315 2338 Ad
331 2294 430 2358 quem
446 2273 491 2339 sic
508 2293 597 2337 roseo
615 2270 853 2336 Thaumantias
869 2293 921 2337 ore
935 2272 1046 2338 locuta
1062 2281 1135 2342 est:
1301 2279 1323 2342 5

260 2377 282 2412 “
296 2378 417 2462 Turne,
435 2378 521 2462 quod
537 2376 667 2461 optanti
682 2376 795 2440 divum
811 2377 998 2461 promittere
1014 2399 1109 2444 nemo

261 2483 282 2516 “
294 2483 451 2566 Auderet‚
468 2481 626 2546 volvenda
642 2481 722 2564 dies,
740 2501 791 2563 en,
809 2480 926 2546 attulit
942 2483 1037 2548 ultro,

260 2587 281 2619 “
294 2587 432 2668 Aeneas,
449 2583 528 2649 urbe
543 2591 577 2648 et
593 2583 688 2649 sociis
703 2592 737 2648 et
753 2584 854 2650 classe
870 2585 994 2670 relicta,

261 2690 282 2723 “
297 2690 433 2774 Sceptra
450 2687 599 2752 Palatini
613 2688 786 2772 sedemque
802 2688 888 2773 petit
903 2688 1068 2772 Evandri3

261 2793 366 2859 “Nec
382 2794 482 2859 satis:
507 2779 671 2858 extremae
688 2791 826 2876 Corythi
840 2794 1025 2878 penetravit
1040 2796 1083 2860 ad
1099 2797 1206 2881 urbes,
1273 2800 1319 2864 10

261 2889 525 2983 “Lydorumque
541 2917 676 2961 manum
692 2897 906 2982 collectosque
921 2906 1027 2963 armat
1043 2907 1197 2984 agrestes.

261 3001 282 3034 “
293 3001 380 3082 Quid
391 3000 524 3066 dubitas
538 3001 554 3066 P
580 2999 678 3064 Nunc
690 3007 823 3084 tempus
835 3022 943 3085 equos,
955 3023 1042 3068 nunc
1054 3024 1184 3088 poscere
1196 3026 1318 3073 currus.

261 3106 426 3192 “Rumpe
442 3125 546 3170 moras
562 3125 672 3170 omnes
688 3112 721 3169 et
737 3104 873 3169 turbata
888 3105 993 3190 arripe
1009 3109 1146 3173 castra.''

261 3211 372 3293 Dixit,
388 3217 422 3275 et
438 3210 474 3274 in
489 3208 617 3274 coelum
631 3208 763 3294 paribus
779 3231 812 3275 se
829 3209 964 3274 sustulit
981 3209 1051 3293 alis,

260 3316 499 3401 lugentemque
514 3312 593 3398 fuga
610 3313 712 3378 secuit
728 3313 789 3378 sub
804 3313 947 3379 nubibus
963 3336 1082 3382 arcum.
1278 3320 1320 3386 15

260 3419 406 3504 Agnovit
417 3417 557 3503 juvenis,
575 3417 785 3502 duplicesque
800 3419 843 3482 ad
859 3418 965 3484 sidera
980 3420 1107 3506 palmas
1273 3407 1293 3428 ⁴

262 3522 404 3588 Sustulit
419 3543 457 3587 ac
473 3521 533 3586 tali
547 3521 730 3606 lugientem
745 3529 794 3586 est
811 3543 886 3587 voce
903 3531 1056 3590 secutus:

262 3626 283 3659 “
295 3626 352 3710 In',
369 3626 468 3691 decus
484 3625 573 3706 coeli,
591 3626 664 3708 quis
681 3632 714 3689 te
730 3625 812 3692 mihi
827 3626 969 3692 nubibus
985 3636 1096 3692 actam

262 3730 283 3763 “
297 3730 429 3795 Detulit
444 3730 479 3794 iu
494 3729 624 3794 terras?
649 3731 737 3794 unde
752 3729 832 3794 haec
847 3737 920 3794 tam
935 3731 1022 3796 clara
1037 3741 1171 3818 repente

262 3833 282 3868 “
297 3833 517 3920 Tempestas?
565 3831 713 3897 Medium
728 3833 820 3897 video
835 3833 1000 3898 discedere
1015 3836 1152 3919 coelum,
1276 3839 1321 3902 20

262 3937 283 3972 “
297 3939 517 4023 Palantesque
533 3937 606 4023 polo
622 3937 740 4004 stellas.
790 3935 914 4022 Sequor
929 3939 1039 4004 omina
1054 3945 1163 4024 tanta,
