2838 4522
554 1031 594 1099 P.
624 1030 819 1100 VIRGILII
848 1031 1041 1101 Maturus

473 1237 1119 1336 AENEIDOS

604 1475 748 1544 LIBER
772 1475 989 1546 TERTIUS.

687 1687 903 1716 -οφμ-

268 1842 484 1928 “Postquam
499 1863 549 1909 res
565 1841 664 1909 Asiae
679 1841 867 1927 Priamique
883 1849 1028 1910 evertere
1043 1849 1176 1931 gentem

264 1949 473 2014 Immeritam
487 1948 595 2015 visum
611 1948 745 2035 superis,
763 1948 945 2035 ceciditque
960 1951 1137 2036 superbum

264 2054 367 2120 Ilium
383 2062 417 2120 et
433 2053 539 2120 omnis
553 2053 656 2118 humo
670 2053 779 2118 fumat
795 2053 966 2140 Neptunia
983 2053 1101 2140 Troja3

265 2159 402 2225 Diversa
417 2159 532 2226 exsiJia
548 2165 582 2224 et
599 2159 741 2224 desertas
757 2179 907 2244 quaerere
923 2168 1024 2226 terras

264 2262 422 2350 Auguriis
437 2263 566 2350 agimur
580 2261 706 2347 divum,
724 2262 927 2349 classemque
942 2264 1003 2329 sub
1018 2265 1091 2350 ipsa
1305 2269 1327 2334 5

264 2369 439 2435 Antandro
455 2376 489 2434 et
505 2367 668 2453 Phrygiae
684 2367 837 2433 molimur
851 2369 1018 2436 montibus
1034 2371 1124 2456 Idae,

263 2474 395 2558 Incerti,
413 2494 478 2558 quo
492 2463 564 2538 fata
578 2471 696 2556 ferant,
708 2473 767 2538 nbi
782 2473 892 2539 sistere
908 2475 1014 2559 detur,

264 2577 558 2661 Contrahimusque
574 2576 667 2644 viros.
716 2576 785 2642 Vix
800 2578 907 2663 prima
921 2578 1087 2665 inceperat
1102 2587 1222 2664 aestas,

262 2682 309 2747 Et
325 2688 420 2766 pater
435 2679 598 2748 Anchises
613 2681 688 2746 dare
704 2681 781 2747 fatis
796 2682 869 2746 vela
880 2682 1037 2767 jubebat:

262 2787 375 2851 Litora
392 2807 494 2871 quum
510 2785 637 2872 patriae
653 2786 826 2852 lacrimans
841 2793 1020 2873 portusque
1036 2788 1182 2874 relinquo
1286 2791 1327 2856 10

262 2891 308 2958 Et
324 2913 467 2978 campos,
484 2891 543 2957 ubi
559 2891 656 2978 Troja
671 2891 744 2958 fuit.
792 2890 894 2958 Feror
909 2893 1002 2958 exsul
1016 2893 1173 2958 inultum

263 2998 350 3065 Cum
365 2997 458 3064 sociis
473 3003 638 3084 gnatoque
653 2996 835 3062 Penatibus
851 3004 885 3062 et
901 2998 1028 3083 magnis
1043 2999 1101 3065 dis.

329 3102 429 3168 Terra
444 3102 557 3188 procul
572 3101 675 3167 vastis
690 3101 809 3167 colitur
825 3101 988 3168 Mavortia
1004 3103 1145 3189 campis-

262 3208 404 3273 Thraces
419 3215 540 3292 arant,
557 3206 623 3272 acri
639 3207 804 3292 quondam
820 3214 957 3292 regnata
971 3206 1133 3293 Lycurgo,

262 3311 452 3398 Hospitium
467 3312 644 3397 antiquum
661 3311 787 3397 Trojae,
805 3311 949 3396 sociique
965 3312 1118 3397 Penates,
1284 3314 1326 3381 15

262 3417 354 3483 Dum
367 3417 499 3484 fortuna
513 3417 598 3485 firit:
623 3417 708 3483 feror
721 3417 796 3502 huc,
814 3425 849 3483 et
864 3418 958 3484 litore
974 3439 1072 3484 curvo

261 3521 392 3587 Moenia
406 3523 513 3608 prima
526 3523 606 3608 loca,
620 3523 699 3588 satis
713 3523 878 3608 ingressus
892 3523 1024 3609 iniquis,

260 3625 496 3711 Aeneadasque
512 3648 585 3692 meo
599 3649 718 3692 nomen
733 3628 774 3693 de
788 3629 920 3693 nomine
935 3628 1031 3715 fingo.

262 3733 359 3800 Sacra
375 3732 542 3798 Dionaeae
557 3733 656 3797 matri
671 3733 818 3818 divisque
833 3733 976 3800 ferebam

261 3838 461 3926 Auspicibus
476 3844 667 3924 coeptorum
682 3859 828 3924 operum,
846 3859 1028 3924 superoque
1043 3837 1208 3904 nitentem
1280 3841 1327 3904 20

261 3944 459 4012 Coelicolum
473 3943 542 4031 regi
555 3943 745 4010 mactabam
759 3944 795 4010 in
809 3945 904 4011 litore
919 3951 1060 4011 taurum.
