2898 4518
231 264 297 333 154
587 283 760 330 sanamos
783 283 848 330 nm.
874 281 933 330 vu.

231 442 253 475 “
264 443 444 510 Submovet
462 442 604 527 Oceano,
621 452 656 508 et
671 444 699 508 si
713 461 812 528 quern
828 448 964 508 extenta
979 442 1151 528 plagarum

232 549 253 582 “
266 551 415 630 Quatuor
429 549 465 613 in
480 549 588 615 medio
603 549 727 615 dirimit
742 550 840 636 plaga
856 549 931 614 solis
946 547 1060 633 iniqui

201 723 204 728 ,
233 655 397 720 “Diluvio
414 677 455 720 ex
471 655 527 720 illo
542 663 593 721 tot
608 663 703 721 vasta
718 677 777 741 per
791 677 931 740 aequora
947 655 1034 720 vecti

233 760 255 793 “
266 761 326 825 Dis
342 761 451 826 sedem
466 761 621 846 exiguam
635 760 753 846 patriis
768 760 915 845 litusque
931 771 1083 845 rogamus

233 865 254 898 “
265 867 462 950 Innocuam,
470 873 504 930 et
513 865 641 931 cunetis
650 866 839 950 undamque
850 865 1028 949 auramque
1039 873 1219 950 patentem.
1228 864 1297 927 230

233 971 255 1004 “
266 972 343 1036 Non
358 971 479 1036 erimus
494 991 594 1057 regno
609 970 772 1036 indecores
786 991 795 1052 3
819 991 879 1034 nec
894 975 1004 1034 vestra
1019 970 1145 1034 feretur

233 1075 371 1140 “Fama
385 1075 476 1159 levis,
493 1075 647 1160 tantique
663 1074 825 1140 abolescet
841 1073 949 1160 gratia
962 1073 1044 1139 facti
1053 1095 1061 1156 ;

234 1179 257 1212 “
268 1179 338 1244 Nec
356 1179 489 1265 Trojam
504 1178 667 1272 Ausonios
683 1178 804 1264 gremio
821 1178 986 1264 excepisse
1001 1178 1136 1264 pigebit.

235 1285 256 1318 “
266 1285 354 1350 Fata
370 1307 427 1371 per
441 1284 572 1350 Aeneae
584 1285 657 1370 juro
673 1285 888 1368 dextramque
903 1290 1085 1370 potentem,

236 1390 257 1423 “
273 1390 346 1459 Sive
362 1391 426 1455 fide
442 1411 499 1456 seu
514 1391 587 1476 quis
602 1391 687 1456 bello
703 1397 754 1454 est
770 1397 925 1474 expertus
941 1396 975 1454 et
991 1389 1114 1456 armis:
1229 1389 1296 1454 235

235 1494 369 1560 “Multi
383 1517 441 1560 nos
457 1495 580 1582 populi,
598 1495 781 1559 multae-ne
797 1502 919 1578 temne,
936 1494 1024 1579 quod
1038 1494 1124 1559 ultro

236 1599 258 1632 “
272 1601 489 1666 Praefcrimus
504 1601 655 1666 manibus
671 1601 772 1665 vittas
788 1622 825 1664 ac
843 1601 939 1664 verba
954 1599 1140 1685 precantia-

236 1704 317 1769 “Et
333 1705 454 1790 petiere
471 1705 582 1770 sibiet
599 1706 726 1771 voluere
743 1703 920 1790 adjungere
936 1711 1068 1790 gentes3

237 1808 258 1842 “
271 1810 335 1877 Sed
350 1831 407 1875 nos
423 1810 492 1878 fata
507 1811 607 1876 deum
623 1817 746 1876 vestras
761 1810 927 1894 exquirere
942 1817 1044 1875 terras

237 1914 418 2000 “Imperiis
434 1936 524 2002 egere
540 1915 616 1983 suis.
663 1915 751 1980 Hinc
768 1915 944 1980 Dardanus
959 1923 1071 1981 ortus:
1231 1912 1299 1978 240

237 2019 348 2085 “Huc
364 2020 483 2105 repetit
497 2041 506 2103 3
527 2019 692 2106 jussisque
709 2020 900 2106 ingentibus
915 2027 1011 2106 urget
1028 2019 1147 2106 Apollo

238 2123 262 2156 “
277 2123 482 2208 Tyrrhenum
497 2125 540 2189 ad
556 2123 714 2209 Thybrim
730 2131 763 2188 et
779 2124 880 2189 fontis
895 2125 980 2190 vada
997 2146 1088 2190 sacra
1105 2123 1252 2188 Numici.

237 2228 342 2292 “Dat
358 2228 420 2293 tibi
434 2237 601 2314 praetcrea
615 2228 764 2294 fortunae
779 2250 881 2314 parva
895 2228 1008 2314 prioris

238 2335 260 2369 “
270 2335 419 2420 Munera,
437 2336 589 2422 reliquias
605 2335 759 2420 Trojaex
774 2335 909 2400 ardente
925 2341 1079 2420 receptae.

239 2440 259 2472 “
271 2440 342 2504 Hoc
358 2448 452 2526 pater
466 2440 628 2506 Anchises
643 2463 722 2505 auro
736 2440 863 2506 libabat
879 2439 922 2504 ad
937 2461 1009 2504 aras
1023 2459 1032 2521 ;
1229 2439 1297 2506 245

238 2547 259 2578 “
271 2545 342 2611 Hoc
359 2546 485 2611 Priami
500 2555 669 2632 gestamen
685 2553 766 2630 erat,
785 2566 889 2630 quum
901 2544 977 2630 jura
992 2544 1117 2610 vocatis

240 2651 260 2684 “
276 2651 365 2716 More
381 2651 473 2716 daret
486 2651 624 2736 populis,
641 2659 880 2736 sceptrumque,
898 2669 1051 2733 sacerque
1066 2648 1178 2733 tiaras,

131 2820 134 2828 ,
239 2755 481 2840 “Iliadumque
496 2756 588 2821 labor
602 2757 740 2822 vestes.''

239 2860 374 2924 Talibus
390 2859 507 2924 Ilionei
522 2859 618 2924 dictis
634 2859 742 2924 defixa
758 2858 899 2924 Latinus

239 2965 371 3031 Obtutu
386 2971 480 3028 tenet
495 2985 560 3048 ora,
579 2964 708 3048 soloque
724 2963 899 3028 immobilis
914 2963 1036 3047 haeret,
1234 2961 1299 3028 250

239 3071 392 3136 Intentos
408 3070 539 3134 volvens
554 3069 672 3136 oculos.
719 3069 790 3134 Nec
805 3091 951 3155 purpura
968 3089 1075 3154 regem

240 3175 337 3240 Picta
352 3181 471 3259 movet,
487 3195 547 3238 nec
564 3182 691 3260 sceptra
705 3181 839 3239 movent
856 3174 1018 3238 Priameia
1034 3179 1180 3256 tantum,

240 3281 411 3361 Quantum
425 3279 460 3344 in
476 3278 635 3344 connubio
651 3285 748 3343 natae
763 3279 973 3370 thalamoque
988 3283 1143 3360 moratur,

239 3384 287 3448 Et
301 3385 420 3449 veteris
435 3383 545 3448 Fauni
557 3383 658 3448 volvit
675 3384 735 3448 sub
750 3391 879 3469 pectore
897 3390 1023 3448 sortem.
1070 3409 1076 3416 ·

241 3487 340 3552 Hunc
356 3488 452 3553 illum
466 3489 544 3554 satis
560 3496 695 3553 externa
710 3489 752 3554 ab
768 3489 842 3553 sede
858 3487 1040 3574 profectum
1236 3485 1301 3551 255

241 3592 398 3658 Portendi
413 3613 578 3679 generum,
594 3592 793 3678 paribusque
809 3592 844 3656 in
860 3613 957 3678 regna
972 3590 1079 3655 vocari

242 3696 429 3781 Auspiciis;
454 3696 531 3761 huic
547 3696 735 3782 progeniem
751 3696 873 3761 virtute
888 3695 1034 3760 futuram

240 3800 424 3886 Egregiam‚
442 3807 476 3864 et
487 3807 597 3865 totum
615 3821 698 3886 quae
713 3801 834 3867 viribus
850 3809 986 3886 occupet
1002 3801 1122 3865 orbem.
1222 3802 1225 3806 '

243 3905 392 3970 Tandem
406 3905 514 3969 laetus
528 3903 596 3970 ait:
623 3904 702 3968 “Di
717 3913 826 3970 nostra
841 3905 974 3992 incepta
990 3905 1171 3969 secundent
