2838 4522
266 303 310 370 48
638 319 811 368 rhamnos
826 319 900 367 arn.
926 319 960 365 11.

268 480 448 548 Confusam
463 479 584 566 eripuit
600 487 745 544 mentem
761 501 768 546 :
793 498 937 564 namque
953 477 1026 542 avia
1041 497 1137 542 cursu

268 587 358 651 Dum
373 606 489 670 sequor
505 593 538 650 et
554 591 634 649 nota
650 585 771 650 excedo
786 583 915 670 regione
931 582 1072 666 viarum,

264 690 356 773 Heu,
373 691 489 757 misero
505 687 625 775 conjux
639 689 751 754 fatone
767 696 880 774 erepta
896 688 1018 755 Cret‘rsa
1081 767 1082 772 γ

267 794 438 878 Substitit,
456 793 614 859 erravitne
630 793 692 878 via,
710 814 767 858 seu
782 793 867 858 lassa
885 791 1014 876 resedit,

264 899 433 965 Incertum
448 919 457 982 ;
482 919 542 964 nec
558 905 633 985 post
648 879 750 963 oculis
766 904 816 962 est
832 896 962 962 reddita
979 894 1099 960 nostris
1113 915 1122 977 ;
1263 891 1331 962 740

264 1003 334 1068 Nec
350 1003 440 1090 prius
455 1003 610 1069 amissam
625 1003 751 1088 respexi
766 1001 955 1067 animumve
970 999 1094 1082 reflexi,

264 1109 372 1190 Quam
388 1109 557 1174 tumulum
572 1108 727 1194 antiquae
746 1106 870 1174 Cereris
885 1107 1060 1191 sedemque
1075 1111 1239 1170 sacratam

266 1210 446 1280 Venimus:
471 1213 526 1278 hic
541 1213 673 1277 demum
689 1211 832 1277 collectis
848 1209 999 1276 omnibus
1014 1229 1082 1274 una

268 1313 393 1402 Defuit,
411 1326 444 1383 et
460 1317 595 1384 comites
611 1324 792 1402 natumque
808 1316 978 1400 virumque
993 1313 1116 1380 fefellit.

265 1421 372 1503 Quem
386 1445 451 1488 non
466 1422 614 1489 incusavi
628 1442 741 1487 amens
757 1421 993 1505 hominumque
1009 1421 1219 1505 deorumque,
1259 1417 1326 1486 745

265 1525 339 1591 Aut
354 1526 434 1611 quid
450 1525 485 1592 in
502 1548 610 1592 eversa
626 1526 694 1592 vidi
710 1525 873 1591 crudelius
889 1525 997 1590 urbe?

265 1630 448 1697 Ascanium
463 1630 693 1716 Anchisenque
709 1637 839 1716 patrem
856 1629 1063 1714 Teucrosque
1079 1628 1222 1694 Penates

262 1735 463 1801 Commendo
479 1735 582 1820 sociis,
600 1743 633 1800 et
649 1756 748 1801 curva
762 1735 847 1800 valle
862 1735 1020 1817 recondo;

260 1839 338 1926 Ipse
353 1841 468 1906 urbem
483 1849 603 1925 repete,
620 1848 654 1906 et
670 1841 780 1926 cingor
794 1839 997 1926 fulgentibus
1013 1838 1131 1906 armis:

262 1945 338 2011 Stat
353 1967 448 2011 casus
464 1966 616 2011 renovare
633 1967 754 2030 omnes,
771 1966 966 2030 omnemque
981 1943 1100 2010 reverti
1234 2029 1239 2038 ¹
1259 1941 1326 2011 750

261 2050 325 2114 Per
343 2050 484 2135 Trojam,
501 2057 535 2116 et
550 2072 662 2140 rursus
677 2057 779 2137 caput
794 2050 954 2136 objectare
971 2049 1109 2136 periclis.

259 2155 426 2242 Principio
442 2177 551 2222 muros
567 2157 768 2241 obscuraque
783 2155 897 2220 limina
913 2163 1038 2241 portae,

259 2261 333 2342 Qua
349 2282 496 2346 gressum
512 2262 706 2346 extuleram,
723 2269 845 2346 repeto,
864 2269 898 2326 et
914 2261 1052 2347 vestigia
1067 2267 1154 2326 retro

258 2365 441 2430 Observata
454 2387 569 2450 sequor
584 2387 640 2450 per
656 2373 787 2431 noctem
804 2371 838 2430 et
854 2366 977 2431 lumine
992 2367 1117 2432 lustro:

259 2471 380 2535 Horror
394 2470 515 2555 ubique
531 2469 667 2555 animos,
685 2471 782 2536 simul
796 2471 868 2556 ipsa
884 2471 1013 2536 silentia
1027 2479 1161 2537 terrent.
1255 2467 1321 2536 755

258 2575 341 2640 Inde
357 2577 501 2658 domum,
520 2576 547 2642 si
562 2577 644 2641 forte
660 2578 786 2664 pedem,
804 2577 831 2642 si
845 2577 940 2662 forte,
956 2576 1097 2661 tulisset,

259 2679 313 2743 Me
329 2680 450 2747 refero:
475 2681 635 2748 irruerant
651 2681 761 2746 Danai
776 2688 810 2748 et
825 2688 953 2747 tectum
968 2702 1063 2746 omne
1079 2681 1244 2747 tenebant

257 2784 354 2849 Ilicet
369 2784 454 2870 ignis
470 2785 555 2850 edax
571 2807 701 2851 summa
715 2788 758 2852 ad
772 2787 906 2873 fastigia
922 2796 1021 2852 vento

259 2887 436 2971 Volvitur;
461 2897 658 2975 exsuperant
674 2890 837 2976 flammae,
854 2891 935 2956 furit
951 2898 1062 2956 aestus
1078 2890 1120 2954 ad
1136 2911 1240 2957 auras.

258 2991 402 3058 Procedo
418 3001 451 3057 et
468 2993 593 3059 Priami
607 2995 698 3060 sedes
713 3015 884 3080 arcemque
900 2995 1020 3062 reviso:
1254 2993 1321 3063 760

226 3083 228 3088 ’
257 3095 304 3161 Et
316 3095 387 3181 jam
402 3097 579 3182 porticibus
595 3098 705 3164 vacuis
720 3099 744 3164 J
746 3099 862 3165 unonis
878 3100 967 3184 asylo

258 3199 419 3266 Custodes
434 3201 512 3267 lecti
527 3202 675 3268 Phoenix
690 3211 723 3268 et
738 3204 827 3269 dirus
844 3203 961 3270 Ulixes

257 3304 419 3371 Praedam
435 3308 665 3374 asservabant:
690 3308 754 3373 huc
769 3307 915 3393 undique
932 3308 1030 3375 Troia
1045 3331 1127 3394 gaza

255 3410 401 3476 Incensis
418 3419 529 3497 erepta
545 3413 664 3497 adytis,
681 3434 874 3498 mensaeque
890 3413 1036 3499 deorum,

257 3515 470 3600 crateresque
486 3539 563 3582 auro
579 3517 683 3604 solidi,
700 3518 896 3604 captivaque
912 3519 1012 3584 vestis
1051 3546 1053 3551 ·
1252 3515 1318 3586 765

256 3619 472 3706 Congeritur3
497 3623 590 3707 pueri
605 3631 639 3688 et
655 3623 792 3709 pavidae
807 3625 902 3710 longo
917 3625 1028 3690 ordine
1043 3631 1165 3691 matres
1358 3615 1362 3622 ’

257 3726 355 3792 Stant
371 3727 504 3795 circum.

255 3829 367 3896 Ausus
382 3831 464 3916 quin
479 3832 580 3898 ctiam
595 3855 688 3899 voces
700 3833 826 3918 jactare
842 3857 899 3920 per
914 3836 1077 3920 umbram,

256 3935 397 4021 Implevi
412 3936 551 4002 clamore
566 3938 645 4023 vias,
659 3945 868 4026 maestusque
881 3940 1040 4007 Creusam
