2898 4518
520 317 692 364 Annnrnos
716 319 780 366 orn.
806 319 865 366 v11.
1160 305 1223 370 155

156 477 179 511 “
190 476 447 563 Auguriumque
459 483 579 544 suum!
613 477 768 562 Dabitur,
784 477 932 564 Trojano,
943 480 1031 565 quod
1043 487 1147 566 optas,
1158 481 1225 547 260

156 582 336 646 “Munera
351 603 410 648 nec
427 603 550 668 sperno,
597 581 674 664 Non
690 582 791 667 vobis,
809 603 882 669 rege
898 583 1029 669 Latino,

157 687 319 752 “Divitis
333 687 415 752 uber
430 687 502 773 agri
519 687 674 772 Trojaeve
689 688 860 773 opulentia
876 687 986 756 decrit.

157 794 183 825 “
195 793 274 877 Ipse
288 793 383 858 modo
398 792 540 876 Aeneas,
557 793 660 858 nostri
676 793 704 858 si
719 801 817 859 tanta
833 795 953 880 cupido
969 803 1029 879 est,

157 897 179 930 “
196 897 232 963 Si
243 896 341 983 jungi
355 897 498 983 hospitio
514 907 666 984 properat
683 899 851 984 sociusque
867 901 985 986 vocari,

157 1000 180 1032 “
194 1000 374 1085 Adveniat,
392 1002 505 1066 vultus
520 1024 601 1068 neve
617 1003 824 1068 exhorrescat
840 1004 982 1072 amicos:
1156 1009 1223 1076 265

157 1104 181 1139 “
199 1105 282 1170 Pars
296 1105 378 1170 mihi
393 1107 483 1192 pacis
498 1106 559 1172 erit
575 1109 726 1172 dextram
741 1108 888 1194 tetigisse
905 1110 1044 1193 tyranni.

158 1208 265 1274 “Vos
281 1217 394 1275 contra
410 1211 479 1297 regi
493 1233 567 1276 mea
582 1233 669 1278 nunc
686 1213 844 1278 mandata
860 1213 984 1280 referte,

158 1314 259 1379 “Est
275 1315 357 1380 mihi
372 1323 461 1399 nata,
478 1316 546 1381 viro
562 1317 669 1402 gentis
685 1339 786 1402 quam
798 1317 935 1404 jungere
952 1328 1080 1386 nostrae

159 1418 181 1451 “
195 1418 274 1483 Non
289 1419 395 1504 patrio
410 1441 452 1484 ex
467 1420 568 1504 adyto
583 1428 694 1505 sortes,
711 1443 776 1486 nou
791 1423 933 1508 plurima
948 1425 1036 1489 coelo

159 1523 343 1588 “Monstra
358 1524 490 1590 sinunt:
515 1547 646 1611 generos
662 1527 805 1592 externis
820 1527 918 1593 affore
934 1529 976 1594 ab
992 1530 1065 1614 oris,
1156 1529 1222 1598 270

159 1627 267 1693 “Hoc
284 1628 381 1694 Latio
396 1636 517 1694 restare
533 1638 668 1715 canunt,
687 1630 744 1715 qui
759 1631 916 1717 sanguine
932 1642 1081 1699 nostrum

160 1732 323 1797 “Nomen
338 1733 373 1797 in
388 1741 477 1798 astra
492 1734 607 1799 ferant.
655 1733 753 1799 Hunc
769 1735 864 1800 illum
880 1757 1008 1821 poscere
1023 1738 1093 1804 fata

160 1837 243 1902 “Et
258 1859 326 1902 reor
341 1845 385 1922 et,
403 1838 431 1903 si
446 1838 524 1924 quid
540 1839 608 1903 veri
624 1861 715 1904 mens
730 1848 881 1925 augurat,
898 1844 1007 1925 opto.’'

160 1941 252 2006 Haec
269 1941 399 2027 effatus,
416 1963 515 2027 equos
531 1965 665 2008 numero
680 1952 775 2029 pater
790 1944 882 2030 eligit
897 1946 1002 2010 omni-

162 2047 306 2114 Stabant
321 2055 372 2112 ter
387 2055 521 2112 centum
536 2048 634 2112 nitidi
648 2048 684 2112 in
699 2049 909 2135 praesepibus
924 2049 1029 2116 altis:
1156 2050 1222 2120 275

163 2153 327 2220 Omnibus
342 2153 508 2240 extemplo
524 2153 657 2219 Teucris
669 2153 766 2239 jubet
782 2154 893 2219 ordine
909 2155 986 2220 duci

161 2259 325 2324 Instratos
341 2267 427 2324 ostro
443 2258 585 2343 alipedes
601 2258 763 2344 pictisque
779 2258 921 2343 tapetis-

160 2365 274 2430 Aurea
289 2366 474 2450 pectoribus
489 2365 629 2431 demissa
645 2365 779 2430 monilia
794 2366 939 2450 pendent
954 2386 962 2447 ;

162 2470 259 2536 Tecti
273 2493 359 2554 auro,
375 2471 503 2536 fulvum
519 2471 682 2536 mandunt
700 2470 761 2536 sub
776 2469 931 2536 dentibus
945 2492 1099 2554 aurum-;

160 2575 304 2642 Absenti
318 2575 450 2641 Aeneae
466 2597 598 2640 currum
613 2574 822 2660 geminosque
834 2573 962 2660 jugales
1157 2579 1223 2643 280

162 2673 294 2749 Semina
310 2682 351 2746 ab
364 2681 517 2764 aetherio,
536 2680 696 2766 spirantes
711 2680 845 2744 naribus
860 2680 983 2766 ignem,

161 2789 299 2854 Illorum
313 2788 352 2851 de
368 2793 476 2872 gente,
495 2785 584 2870 patri
599 2806 680 2870 quos
695 2785 831 2850 daedala
848 2785 940 2852 Oirce

161 2891 341 2978 Supposita
356 2892 396 2956 de
412 2899 516 2955 matre
532 2890 649 2955 nothos
664 2890 773 2954 furata
789 2890 921 2957 creavit.

160 2997 301 3062 Talibus
317 2995 492 3060 Aeneadae
508 2995 601 3060 donis
617 2993 782 3078 dictisque
798 2993 911 3058 Latini

161 3102 326 3170 Sublimes
340 3101 375 3165 in
391 3100 483 3185 equis
498 3100 647 3180 redeunt,
665 3119 844 3184 pacemque
860 3107 1039 3184 reportant.
1156 3101 1222 3168 285

225 3206 315 3280 ,Ecce
331 3213 445 3270 autem
460 3203 602 3270 Inachiis
619 3225 686 3268 sese
703 3203 860 3268 referebat
875 3203 917 3267 ab
933 3203 1031 3288 Argis

162 3312 268 3376 Saeva
283 3309 306 3374 J
308 3308 377 3374 ovis
393 3307 524 3392 conjux,
541 3329 701 3392 aurasque
717 3307 848 3372 invecta
865 3306 999 3370 tenebat
1012 3327 1021 3387 3

160 3415 209 3480 Et
225 3415 352 3479 laetum
368 3413 504 3477 Aenean
519 3413 719 3497 classemque
736 3433 778 3476 ex
793 3410 922 3476 aethere
938 3409 1033 3496 longe

161 3517 367 3584 Dardaniam
384 3517 492 3583 Siculo
507 3516 673 3602 prospexit
689 3516 849 3600 abusque
867 3514 1029 3599 Pachyno.

161 3623 270 3688 Moliri
280 3623 351 3709 jam
367 3629 458 3688 tecta
473 3623 573 3706 videt,
586 3621 657 3707 jam
672 3621 770 3686 fidere
786 3627 911 3701 terrae;
1158 3623 1224 3689 aab

162 3729 350 3794 Deseruisse
367 3735 460 3792 rates.
511 3727 613 3793 Stetit
628 3726 695 3791 acri
709 3726 776 3790 fixa
792 3725 920 3806 dolore;

162 3833 251 3898 Tum
268 3853 427 3918 quassans
443 3838 555 3916 caput,
571 3831 651 3896 haec
667 3829 807 3895 effundit
823 3838 953 3915 pectore
970 3832 1079 3897 dicta:

163 3938 276 4003 “Heu
293 3937 434 4022 stirpem
449 3936 587 4000 invisam
602 3942 637 4000 et
652 3935 730 4000 fatis
747 3935 906 4000 contraria
921 3935 1037 4001 nostris
