2898 4518
483 352 656 401 auunlnos
680 354 744 402 ΗΒ.
769 355 802 404 V.

129 512 240 578 Portet
255 533 361 597 equus
376 512 496 578 bicolor
511 513 659 597 maculis,
678 514 816 600 vestigia
831 514 929 600 primi
959 563 962 568 -

129 614 211 681 Alba
226 617 320 703 pedis
335 617 542 702 frontemque
558 625 729 684 ostentans
745 620 867 685 arduus
882 619 1000 686 albam.

129 718 219 784 Alte'r
232 720 333 806 Atys,
351 742 454 807 genus
469 722 557 786 unde
572 721 647 786 Atii
662 723 784 788 duxere
799 705 921 809 Latini,

129 821 249 890 Parvus
265 824 355 909 Atys
370 847 535 911 pueroque
550 847 631 911 puer
646 827 786 892 dilectus
801 828 883 892 Iulo.

129 927 302 996 Extremus
319 931 489 1016 formaque
505 939 583 996 ante
599 952 710 997 omnes
725 932 860 1018 pulcher
875 933 971 998 Iulus
1123 931 1189 1001 570

130 1033 256 1102 Sidonio
272 1043 325 1102 est
340 1035 490 1102 invectus
506 1057 601 1121 equa,
618 1057 717 1121 quern
732 1036 874 1102 candida
890 1036 977 1104 Dido

129 1138 206 1205 Esse
221 1140 274 1206 sui
288 1142 424 1208 dederat
438 1149 691 1207 monumentum
706 1149 740 1208 et
758 1142 878 1228 pignus
893 1143 1022 1210 amoris.

132 1245 244 1310 Cetera
261 1246 438 1312 Trinacriis
453 1246 556 1332 pubes
571 1246 705 1312 senioris
720 1246 863 1313 Acestes

130 1348 245 1416 Fertur
259 1352 365 1437 equis.

130 1453 308 1540 Excipiunt
324 1457 444 1543 plausu
458 1456 603 1542 pavidos,
620 1457 830 1542 gaudentque
846 1464 980 1523 tuentes
1123 1453 1189 1525 575

131 1558 349 1646 Dardanidae,
366 1569 578 1646 veterumque
594 1570 776 1647 agnoscunt
792 1583 847 1628 ora
862 1569 1045 1647 parentum.

132 1665 309 1752 Postquam
326 1689 456 1734 omnem
470 1666 551 1732 laeti
567 1688 754 1732 consessum
768 1668 941 1753 oculosque
958 1689 1092 1734 suorum

131 1769 320 1838 Lustravcre
336 1772 372 1838 in
387 1771 480 1858 equis
494 1792 503 1854 ;
527 1771 660 1858 signum
675 1773 813 1838 clamore
828 1773 952 1860 paratis
1061 1841 1069 1856 ,

131 1874 287 1960 Epytides
303 1878 400 1963 longe
415 1877 517 1959 dedit,
535 1876 746 1962 insonuitque
762 1878 899 1963 flagello

132 1979 195 2046 Olli
210 1982 385 2048 discurrere
400 2002 495 2068 pares
509 1989 609 2066 atque
625 1982 757 2067 agmina
772 1982 857 2046 terni
1125 1981 1192 2047 580

132 2084 288 2154 Deductis
305 2088 426 2154 solvere
443 2087 556 2171 choris,
573 2107 749 2172 rursusque
764 2087 873 2152 vocati

133 2189 322 2257 Convertere
339 2191 409 2258 vias
424 2190 607 2277 infestaque
622 2191 691 2256 tela
707 2190 820 2257 tulere.

132 2294 209 2360 Inde
225 2298 306 2362 alios
322 2296 438 2362 ineunt
454 2317 565 2362 cursus
581 2297 725 2380 aliosque
742 2316 888 2361 recursus

105 2383 109 2396 ⁸
132 2398 283 2467 Adversis
299 2401 425 2486 spatiis,
442 2401 649 2485 alternosque
665 2401 795 2466 orbibus
811 2399 903 2466 orbes

133 2503 335 2592 Impediunt,
353 2526 547 2592 pugnaeque
563 2505 649 2570 cient
665 2505 837 2595 simulacra
853 2506 913 2571 sub
929 2506 1050 2589 armis3
1125 2507 1192 2574 585

132 2609 176 2676 Et
192 2634 281 2678 nunc
296 2620 389 2698 terga
403 2611 484 2697 fuga
501 2613 640 2696 nudant,
657 2633 744 2676 nunc
761 2611 885 2696 spicula
901 2617 1035 2678 vertunt

33 2775 41 2788 ‚
133 2713 263 2802 Infensi,
281 2716 369 2782 facta
384 2717 506 2802 pariter
521 2738 608 2781 nuno
624 2737 704 2801 pace
719 2715 878 2783 feruntur.

133 2819 184 2886 Ut'
195 2823 363 2908 quondam
379 2822 479 2889 Creta
493 2821 598 2886 fertur
613 2821 834 2906 Labyrinthus
849 2822 885 2888 in
901 2823 971 2888 alta

131 2926 316 3012 l³arietibus
332 2935 464 2993 textum
480 2928 583 2992 caecis
594 2927 667 3010 iter,
684 2927 925 3012 ancipitemque

133 3029 220 3097 Mille
236 3033 299 3098 viis
314 3032 466 3098 habuisse
482 3031 604 3115 dolum,
622 3051 688 3116 qua
704 3032 797 3117 signa
813 3033 969 3116 sequendi
1127 3033 1194 3098 590

133 3135 277 3202 Falleret
292 3137 503 3222 indeprensus
518 3145 553 3201 et
568 3136 779 3204 irremeabilis
794 3158 900 3204 error:

133 3239 230 3307 Haud
246 3241 311 3306 alio
328 3240 492 3306 Teucrum
506 3241 579 3306 nati
593 3241 730 3327 vestigia
746 3263 843 3308 cursu

132 3345 336 3432 Impediunt,
354 3352 538 3430 texuntque
553 3346 647 3431 fugas
663 3353 697 3410 ct
713 3347 833 3430 proelia
849 3347 937 3430 ludo,

133 3449 337 3536 Delphinum
353 3450 482 3534 similes,
501 3451 558 3535 qui
573 3473 630 3536 per
645 3451 748 3514 maria
764 3449 902 3516 humida
916 3451 1024 3516 nando

133 3553 352 3642 Carpathium
367 3555 592 3640 Libycumque
609 3564 730 3640 secant,
751 3552 950 3640 [luduntque
966 3577 1024 3641 per
1039 3555 1170 3642 undas]

133 3656 229 3725 Hunc
246 3680 372 3727 morem
386 3681 499 3724 cursus
514 3668 615 3744 atque
631 3660 710 3725 haec
726 3659 905 3725 certamina
920 3661 1046 3746 primus
1129 3661 1194 3726 596

134 3763 304 3849 Ascanius,
322 3764 470 3850 Longam
486 3764 589 3830 muris
604 3784 708 3850 quum
723 3765 866 3851 cingeret
881 3765 1016 3850 Albam,

134 3868 273 3955 Retulit,
291 3875 327 3934 et
341 3867 462 3955 priscos
477 3867 589 3933 docuit
605 3867 765 3934 celebrare
779 3868 926 3954 Latinos,

135 3974 204 4055 Quo
219 3996 301 4061 puer
314 3972 384 4059 ipse
399 3974 505 4057 modo,
523 3993 635 4039 secum
650 3993 714 4058 quo
731 3973 830 4040 Troia
845 3974 958 4060 pubes.
