2944 4522
519 336 690 384 mnmos
712 338 777 388 LIB.
802 339 850 388 IX.

156 493 322 562 Ductores
338 494 505 560 Teucrum
521 495 630 580 primi,
648 497 774 563 delecta
785 497 955 583 juventus,

158 597 343 665 Consilium
359 598 497 665 summis
513 600 604 686 regni
618 601 659 665 de
676 602 771 667 rebus
785 601 962 687 habebant,

158 703 247 784 Quid
263 703 417 787 facerent,
435 703 548 789 quisve
564 703 696 769 Aeneae
707 704 779 790 jam
795 705 932 771 nuntius
950 716 1057 773 esset:

160 807 262 874 Stant
277 808 381 894 longis
397 807 511 873 adnixi
526 808 630 874 hastis
646 817 679 874 et
695 817 790 875 scuta
805 818 954 876 tenentes

161 911 351 977 Castrorum
368 920 402 976 et
418 912 526 997 campi
540 912 655 979 medio.
704 913 793 977 Tum
808 913 909 980 Nisus
924 923 958 979 et
976 937 1043 980 una
1156 917 1223 980 230

162 1014 326 1101 Euryalus
341 1017 512 1082 confestim
527 1018 648 1082 alacres
663 1017 833 1083 admittier
848 1027 961 1085 orant:

164 1121 248 1184 Rem
262 1142 428 1206 magnam,
442 1120 650 1207 pretiumque
666 1143 775 1188 morae
790 1122 864 1187 fore.
912 1123 1044 1189 Primus
1062 1125 1156 1190 Iulus

161 1223 301 1310 Accepit
318 1226 469 1312 trepidos,
487 1247 524 1290 ac
542 1225 663 1291 Nisum
678 1226 783 1292 dicere
795 1225 905 1311 jussit.

162 1329 254 1393 Tum
269 1329 314 1395 sic
331 1329 548 1414 Hyrtacides:
575 1329 596 1363 “
608 1329 734 1396 Audite
749 1352 768 1396 o
784 1332 952 1397 mentibus
967 1333 1089 1418 aequis,

163 1433 185 1468 “
197 1433 387 1519 Aeneadae,
404 1455 486 1500 neve
502 1435 582 1502 haec
597 1435 717 1502 nostris
735 1445 925 1522 spectentur
940 1438 981 1503 ab
998 1438 1101 1524 annis,
1156 1439 1222 1505 235

161 1540 289 1621 “Quae
304 1539 449 1607 ferimus.
497 1541 618 1606 Rutuli
634 1563 745 1608 somno
760 1542 898 1628 vinoque
915 1543 1014 1608 soluti

161 1643 183 1676 “
196 1643 411 1727 Conticuere3
435 1645 543 1710 locum
557 1645 683 1711 insidiis
698 1647 924 1731 conspeximus
939 1647 1012 1734 ipsi,

163 1748 187 1782 “
200 1749 270 1830 Qui
282 1756 375 1835 patet
390 1750 426 1814 in
440 1749 526 1815 bivio
542 1757 666 1835 portae,
683 1770 765 1834 qnae
781 1751 931 1836 proxima
946 1761 1049 1837 ponto
1063 1773 1072 1834 3

163 1852 186 1887 “
196 1853 379 1938 Interrupti
394 1854 496 1939 ignes,
513 1861 650 1939 aterque
665 1856 708 1921 ad
724 1855 829 1920 sidera
844 1856 956 1921 fumus

163 1958 363 2045 “Erigitur:
389 1959 417 2024 si
432 1959 563 2024 fortuna
579 1960 771 2045 permittitis
786 1961 848 2045 uti,
1156 1960 1223 2026 240

162 2064 394 2146 “Quaesitum
409 2064 545 2130 Aenean
561 2073 595 2131 et
609 2065 739 2131 moenia
754 2065 926 2130 Pallantea
942 2087 951 2148 3

162 2171 277 2235 “Mox
294 2169 440 2236 hic'cum
457 2171 578 2257 spoliis,
595 2171 723 2257 ingenti
739 2170 838 2235 caede
848 2177 995 2256 peracta,

164 2275 188 2309 “
199 2275 311 2341 Affore
327 2275 476 2344 cernetis.
522 2275 592 2340 Nec
609 2297 667 2340 nos
683 2275 735 2340 via
750 2274 838 2339 fallit
854 2282 987 2341 euntes:

163 2379 353 2445 “Vidimus
368 2379 512 2446 obscuris
527 2379 668 2466 primam
684 2379 745 2444 sub
760 2378 901 2444 vallibus
916 2379 1031 2444 urbem

162 2485 183 2518 “
196 2484 332 2549 Venatu
348 2484 476 2550 assiduo
492 2491 526 2550 et
541 2492 650 2549 totum
667 2482 875 2568 cognovimus
891 2485 1052 2550 amnem.”
1152 2482 1218 2550 245

161 2590 226 2656 Hic
242 2589 336 2654 annis
351 2588 457 2674 gravis
473 2597 573 2674 atque
589 2587 690 2652 animi
705 2595 856 2653 maturus
872 2586 1006 2654 Aletes:

163 2694 239 2758 “Di
254 2693 365 2778 patrii,
382 2714 519 2777 quorum
536 2713 662 2777 semper
678 2692 738 2757 sub
753 2690 893 2756 numine·
905 2690 1002 2776 Troja
1018 2697 1079 2776 est,

162 2798 274 2864 “Non
289 2807 399 2863 tamen
416 2797 546 2862 omnino
564 2797 704 2862 Teucros
719 2797 824 2862 delere
841 2797 975 2882 paratis,

162 2903 183 2937 “
199 2905 309 2984 Quum
325 2903 408 2968 tales
424 2903 548 2968 animos
560 2901 719 2988 juvenum
735 2909 769 2966 et
785 2909 857 2968 tam
872 2910 960 2967 certa
975 2900 1102 2967 tulistis

161 3009 183 3042 “
194 3009 364 3074 Pectora.’'
377 3007 430 3074 Sic
442 3029 636 3091 memorans,
643 3006 795 3072 humeros
804 3007 999 3091 dextrasque
1010 3006 1146 3071 tenebat
1156 3007 1224 3074 250

159 3111 355 3195 Amborum,
372 3122 406 3176 et
422 3111 555 3176 vultum
569 3105 711 3176 la'crimis
727 3119 827 3195 atque
843 3132 897 3175 ora
913 3109 1062 3195 rigabat:

161 3215 183 3251 “
197 3217 289 3297 Quae
303 3216 404 3297 vobis,
422 3236 505 3300 quae
521 3215 631 3301 digna,
648 3215 718 3298 viri,
736 3237 794 3300 pro
809 3214 963 3280 laudibus
977 3212 1050 3278 istis

160 3321 344 3386 “Praemia
359 3341 451 3406 posse
467 3341 538 3384 rear
553 3319 661 3386 solvi?
709 3318 934 3384 Pulcherrima
948 3316 1092 3402 primum

160 3426 182 3460 “
196 3426 242 3492 Di
256 3414 425 3510 moresque
441 3425 567 3491 dabunt
584 3425 703 3507 restri3
728 3432 804 3490 tum
820 3431 927 3488 cetera
943 3423 1056 3489 reddet

159 3530 363 3596 “Actutum
379 3529 453 3616 pius
469 3529 609 3614 Aeneas,
625 3537 726 3614 atque
741 3529 868 3613 integer
882 3527 954 3592 aevi
1153 3528 1222 3596 255
1309 3565 1312 3568 ·

159 3636 181 3670 “
194 3635 368 3720 Ascanius,
385 3635 494 3702 meriti
508 3634 597 3700 tanti
613 3657 679 3700 non
695 3634 867 3698 immemor
882 3635 1070 3718 umquam.”
1081 3685 1088 3701 .
1101 3685 1108 3700 .
1120 3684 1146 3701 ..

160 3741 305 3808 “Immo
321 3761 380 3825 ego
395 3761 462 3824 vos,
479 3739 533 3804 cui
549 3740 616 3806 sola
632 3739 719 3804 salus
735 3737 880 3823 genitore
897 3739 1064 3823 reducto‚''

158 3846 296 3930 Excipit
313 3844 474 3910 Ascanius
492 3842 513 3876 “
526 3865 583 3928 per
598 3864 743 3928 magnos,
760 3840 850 3925 Nise,
868 3842 1009 3908 Penates

160 3948 412 4034 “Assaracique
428 3949 545 4014 Larem
560 3955 594 4010 et
610 3969 709 4013 canae
724 3946 905 4033 penetralia
921 3945 1045 4012 Vestae

478 4047 518 4108 9*
