2838 4522
261 323 305 390 56
620 343 792 394 nnsmnos
814 349 879 398 nra.
904 351 953 397 111.

327 501 509 589 Postquam
524 504 631 569 altum
646 514 779 572 tenuere
794 518 890 594 rates,
908 532 966 576 nec
977 510 1048 596 jem
1063 513 1205 599 amplius
1220 514 1310 580 ullae

260 605 434 692 Apparent
450 617 565 695 terrae,
582 612 708 676 coelum
723 614 867 699 undique
883 623 917 680 et
932 616 1079 702 undique
1095 627 1236 703 pontus;

260 713 348 778 Tum
363 715 445 779 mihi
461 717 627 782 caeruleus
642 740 741 804 supra
756 727 858 806 caput
874 722 1007 788 adstitit
1024 723 1128 787 imber

259 815 399 884 Noctem
414 820 619 906 hiememque
634 823 747 908 ferens,
762 832 796 888 et
810 824 971 891 inhorruit
984 827 1073 891 unde
1083 827 1236 894 tenebris.
1256 829 1323 895 195

259 923 422 991 Continuo
438 926 529 990 venti
544 927 682 992 volvunt
697 949 786 993 mare
801 951 986 1016 magnaque
1003 939 1141 1017 surgunt

258 1027 410 1114 Aequora
425 1051 433 1098 :
462 1031 598 1116 dispersi
609 1033 774 1118 jactamur
788 1036 916 1121 gurgite
932 1045 1033 1102 vasto.

258 1133 425 1199 Involvere
441 1135 529 1200 diam
545 1136 659 1222 nimbi,
677 1145 711 1202 et
725 1159 793 1203 nox
808 1139 944 1204 humida
960 1140 1084 1205 coelum

257 1236 427 1320 Abstulit3
453 1238 658 1326 ingeminant
674 1241 824 1328 abruptis
839 1243 980 1309 nubibus
994 1243 1084 1330 ignes
1099 1267 1107 1311 :

257 1340 456 1408 Excutimur
471 1365 579 1428 cursu,
597 1352 631 1410 et
647 1346 750 1410 caecis
765 1367 910 1412 erramus
924 1347 960 1412 in
975 1348 1082 1415 undis.
1253 1350 1321 1413 200

258 1447 334 1531 Ipse
350 1447 437 1513 diem
452 1457 648 1536 noctemque
663 1459 763 1537 negat
779 1451 958 1518 discernae
974 1453 1072 1537 coelo,

257 1553 289 1617 N
291 1574 326 1618 ec
342 1554 527 1620 meminisse
542 1554 612 1620 viae
628 1557 738 1622 media
754 1557 930 1622 Palinurus
946 1557 981 1624 in
996 1559 1094 1626 unda

258 1657 338 1724 Tres
353 1659 432 1725 adeo
447 1659 587 1726 incertos
602 1683 697 1727 caeca
712 1663 851 1749 ealigine
868 1663 948 1728 soles

257 1762 413 1828 Erramus
428 1765 555 1851 pelage,
573 1767 712 1832 totidem
728 1768 797 1833 sine
813 1768 915 1833 sidere
930 1775 1062 1850 noctes3

259 1867 382 1948 Quarto
398 1876 483 1932 terra
498 1870 550 1935 die
566 1871 716 1955 primum
727 1893 761 1937 se
777 1873 926 1937 attollere
941 1872 1078 1937 tandem
1251 1873 1318 1940 205

258 1971 349 2056 Visa,
366 1972 489 2058 aperire
504 1976 617 2061 procul
631 1985 759 2053 montes
775 1998 812 2042 ac
829 1978 954 2042 volvere
970 1977 1110 2044 fumum,

258 2077 342 2144 Vela
358 2079 492 2166 cadunt,
509 2081 604 2147 remis
619 2081 838 2169 insurgimus;
861 2083 953 2148 haud
968 2105 1068 2167 mora,
1085 2090 1206 2149 nautae

257 2183 383 2250 Anuixi
398 2193 551 2271 torquent
567 2209 700 2273 spumas
716 2197 750 2254 et
766 2189 894 2254 caerula
908 2195 1049 2256 verrunt.

258 2289 430 2356 Servatum
446 2312 488 2356 ex
502 2293 600 2358 undis
618 2293 841 2379 Strophadum
856 2315 909 2358 mc
924 2294 1021 2359 litore
1036 2293 1182 2379 primum

256 2396 454 2482 Accipiunt:
481 2399 678 2485 Strophades
695 2399 794 2466 Graio
810 2408 901 2466 stant
916 2400 1047 2466 nomine
1062 2400 1170 2465 dictae
1225 2477 1229 2480 ι
1251 2401 1317 2464 210

29 2551 33 2562 .
140 2496 142 2500 ’
256 2501 387 2566 Insulae
402 2502 493 2568 Ionio
508 2503 544 2568 in
558 2525 687 2591 magno,
705 2527 787 2590 quas
804 2506 875 2570 dira
891 2506 1033 2572 Celaeno

255 2606 482 2693 Harpyiaeque
498 2611 610 2675 colunt
625 2611 719 2695 aliae,
737 2611 877 2676 Phineia
894 2618 1072 2696 postquam

256 2712 374 2778 Clausa
390 2713 514 2797 domus,
530 2735 725 2800 mensasque
740 2723 833 2781 metu
847 2715 969 2801 liquere
986 2715 1113 2802 priores.

255 2817 397 2883 Tristius
412 2818 501 2884 haud
517 2819 583 2886 illis
598 2827 792 2905 monstrum,
808 2841 868 2886 nec
885 2819 1007 2885 saevior
1021 2819 1092 2884 ulla

254 2922 362 2987 Pestis
377 2928 411 2987 et
426 2921 475 2987 ira
490 2924 589 2988 deum
606 2924 730 3010 Stygiis
746 2945 814 2990 sese
830 2925 953 2989 extulit
964 2911 1073 2990 'undis
1247 2924 1313 2989 215

255 3026 403 3112 Virginei
418 3028 587 3094 volucrum
602 3031 726 3113 vultus,
743 3027 930 3096 foedissima
944 3028 1067 3094 ventris

254 3133 431 3218 Proluvies,
448 3154 617 3220 uncaeque
632 3155 760 3220 manus,
777 3141 811 3200 et
826 3134 950 3222 pallida
965 3154 1092 3220 semper

253 3237 318 3304 Ora
333 3239 428 3307 fame.

253 3343 329 3410 Huc
344 3345 403 3410 ubi
417 3343 520 3410 delati
535 3353 649 3431 portus
664 3345 858 3411 intravimus
871 3365 880 3429 3
905 3365 979 3410 ecce

252 3448 357 3514 Laeta
371 3448 472 3514 boum
487 3447 610 3535 passim
626 3449 750 3536 campis
765 3457 916 3514 armenta
931 3448 1079 3514 videmus
1247 3446 1313 3510 220

253 3552 537 3640 Oaprigenumque
552 3577 663 3641 pecus,
680 3555 770 3620 nullo
786 3555 930 3639 custode,
948 3575 1006 3640 per
1021 3551 1145 3618 herbas.

252 3659 411 3725 Irruimus
426 3657 518 3744 ferro,
535 3669 569 3728 et
585 3662 674 3726 divos
689 3661 863 3747 ipsumque
881 3679 1037 3725 vocamus

252 3764 294 3830 In
309 3773 441 3850 partem
451 3766 671 3852 praedamque
686 3767 710 3832 J
712 3787 824 3849 ovem3
849 3773 923 3831 tum
938 3764 1032 3829 litore
1048 3784 1144 3828 curvo

251 3869 527 3955 Exstruimusque
543 3878 638 3956 toros,
656 3871 860 3957 dapibusque
876 3870 1048 3956 epulamur
1062 3867 1189 3954 opimis.

252 3973 302 4040 At
316 3974 445 4042 subitae
460 3975 606 4043 horrifico
620 3976 717 4063 lapsu
731 3977 772 4042 dc
788 3976 954 4042 montibus
970 3975 1091 4041 adsunt
1247 3973 1313 4038 225
