2838 4522
250 327 293 392 28
344 411 347 420 γ
615 344 792 390 nsrnmos
815 345 880 392 nus.
904 345 938 392 11.

249 503 411 590 Frojaque
427 525 513 568 nunc
530 511 631 569 stares
648 503 836 589 Priamique
853 527 913 569 arx
928 504 997 569 alta
1012 525 1158 570 maneres
1173 509 1181 572 l

314 607 409 691 Ecce,
427 628 543 673 manns
554 607 711 692 juvenem
724 607 848 673 interea
863 601 1046 695 post'terga
1062 609 1249 674 revinctum

248 713 399 780 Pastores
414 735 532 799 magno
544 715 587 779 ad
603 733 714 799 regem
729 713 870 778 clamore
885 699 1063 787 trdhebant

248 793 466 903 Dardanidae,
481 819 539 904 qui
554 840 587 884 se
605 818 756 904 ignotum
771 819 975 884 venientibus
991 819 1086 904 nltr0,

247 923 319 988 Hoc
330 923 440 1010 ipsum
455 931 495 988 ut
511 930 652 988 strueret
668 921 866 1008 Trojamqne
882 923 1022 1009 aperiret
1038 923 1185 1008 Achivis,
1269 924 1315 988 60

248 1027 436 1112 Obtulerat,
453 1027 557 1092 fidens
574 1025 677 1091 animi
692 1035 793 1112 atque
808 1026 843 1092 in
858 1035 1038 1112 utrumque
1055 1011 1204 1114 paratus,

247 1134 313 1199 Seu
328 1154 451 1199 versare
467 1131 557 1198 dolos
574 1153 633 1198 seu
648 1129 755 1197 certae
770 1133 961 1198 occumbere
976 1133 1084 1199 morti.

204 1236 207 1244 '
247 1238 402 1323 Undique
417 1235 544 1302 visendi
559 1237 669 1302 studio
686 1236 828 1322 Trojana
839 1237 997 1322 juventus

247 1342 454 1413 Circumfusa
469 1342 548 1428 ruit,
566 1321 758 1427 corlantque
773 1341 908 1408 illudere
923 1348 1029 1428 capto.

245 1447 369 1533 Accipe
378 1439 472 1512 Pnuno
490 1443 646 1512 Danaum
661 1446 806 1531 insidias,
823 1454 858 1512 et
869 1446 1002 1512 crimine
1019 1439 1142 1512 abluno
1267 1447 1313 1512 65

127 1561 132 1572 ’
246 1551 345 1618 Disce
361 1572 481 1618 omnes.

246 1657 400 1742 Namque
415 1664 455 1722 nt
471 1659 649 1742 conspectu
663 1655 699 1721 in
714 1655 822 1722 medio
838 1657 1002 1741 turbatus,
1019 1655 1163 1741 inermis,

244 1763 403 1828 Constitit
419 1770 517 1848 atque
533 1761 634 1828 oculis
650 1761 794 1848 Phrygia
810 1761 942 1848 agmina
957 1761 1210 1847 circumspexit3

244 1867 264 1900 ‘⁶
276 1867 362 1952 Heu,
370 1889 453 1952 quae
463 1889 550 1933 nunc
562 1865 661 1932 tellus
668 1869 686 1897 ”
700 1866 820 1952 inquit,
833 1866 855 1900 “
863 1860 1011 1952 quae'me
1021 1887 1162 1951 aequora
1171 1874 1311 1953 possunt

244 1971 265 2004 “
278 1971 447 2059 Accipere,
465 1981 525 2038 aut
541 1972 620 2058 quid
632 1972 704 2057 jam
718 1971 834 2037 misero
850 1972 932 2036 mihi
947 1972 1088 2056 denique
1104 1979 1217 2056 restat,
1259 1967 1307 2038 70

244 2077 343 2144 “Oui
357 2099 462 2164 neque
478 2057 567 2165 apud
584 2078 716 2144 Danaos
732 2098 874 2162 usquam
888 2078 989 2161 locus,
1006 2083 1041 2142 et
1059 2098 1156 2162 super
1170 2076 1235 2162 ipsi

244 2183 265 2216 “
280 2182 487 2249 Dardanidae
502 2182 620 2248 infensi
635 2203 754 2269 poenas
771 2203 846 2247 cum
862 2181 1020 2267 sanguine
1037 2188 1176 2267 poscunt
1190 2184 1206 2248 Ρ
1219 2183 1238 2211 ”

243 2287 315 2368 Quo
331 2289 457 2373 gemitu
473 2287 617 2353 conversi
631 2286 746 2370 animi,
763 2307 965 2379 compressus
981 2293 1014 2350 et
1030 2285 1136 2351 omnis

242 2392 403 2477 impetus.
450 2392 634 2456 Hortamur
648 2390 720 2474 fari,
738 2412 802 2476 quo
818 2390 975 2478 sanguine
991 2398 1111 2475 cretus,

244 2483 370 2577 Quidue
384 2497 489 2578 ferat5
514 2503 684 2580 memoret,
702 2517 784 2581 quae
801 2497 844 2561 sit
859 2496 979 2562 fiducia
995 2503 1100 2581 capto.
1261 2493 1306 2563 75

242 2605 303 2670 Ille
319 2606 410 2690 haec,
427 2585 574 2691 deposi'ta
590 2606 725 2670 tandem
740 2604 921 2688 formidine,
938 2604 1047 2671 fatur:
1161 2691 1164 2696 ἱ

243 2709 407 2775 “Cuncta
422 2709 573 2795 equidem
588 2709 661 2794 tibi,
679 2731 745 2794 rex,
761 2708 861 2774 fuerit
877 2711 1115 2796 quodcumque,
1133 2710 1261 2776 fatebor

242 2814 263 2847 “
275 2815 388 2880 Vera’'
403 2815 523 2900 inquit,
543 2814 564 2847 “
573 2837 678 2900 neque
693 2837 745 2880 me
762 2815 916 2902 Argolica
932 2817 972 2880 de
989 2824 1086 2902 gente
1102 2817 1247 2902 negabo:

242 2919 263 2952 “
276 2920 348 2984 Hoc
359 2920 526 3006 primum;
551 2941 619 3006 nec,
637 2919 663 2986 si
678 2920 834 2986 miserum
849 2920 997 2986 Fortuna
1014 2921 1168 2988 Sinonem

165 3073 168 3081 s
241 3023 262 3057 “
274 3023 406 3106 Finxit,
423 3044 546 3088 vanum
562 3021 663 3088 etiam
678 3024 933 3108 mendacemque
948 3023 1096 3109 improba
1111 3024 1222 3110 finget.
1261 3025 1304 3090 80

240 3129 250 3162 ‘
257 3130 266 3163 ‘
280 3128 394 3194 Fando
410 3127 544 3216 aliquod
559 3128 587 3193 si
601 3127 684 3200 forte
699 3135 776 3193 tuas
791 3128 940 3214 pervenit
955 3129 999 3193 ad
1014 3150 1108 3194 aures

241 3234 411 3300 “Belidae
428 3241 546 3299 nomen
562 3232 748 3297 Palamedis
765 3241 798 3297 et
813 3233 937 3318 inclyta
952 3232 1042 3298 fama

241 3339 261 3372 “
275 3335 398 3423 Gloria,
415 3359 514 3424 quem
528 3339 610 3402 falsa
626 3337 686 3402 sub
702 3336 884 3423 proditione
901 3337 1031 3424 Pelasgi

240 3444 261 3476 ‘⁶
274 3445 447 3509 Insontem
460 3443 594 3508 infando
609 3441 738 3525 indicio,
756 3442 835 3526 quia
849 3443 936 3508 bella
952 3444 1096 3527 vetabat,

241 3534 441 3613 “Demisere
458 3547 541 3630 neci,
558 3569 645 3612 nunc
662 3568 791 3612 cassum
807 3547 931 3612 lumine
946 3547 1083 3633 lugent:
1258 3549 1300 3614 85

240 3653 261 3688 “
275 3653 331 3718 Illi
345 3674 399 3717 me
415 3653 569 3718 comitem
584 3660 617 3716 et
633 3651 917 3737 consanguinitate
933 3651 1155 3738 propinquum

240 3757 406 3843 “Pauper
420 3757 454 3822 in
471 3779 562 3822 arma
577 3743 672 3842 pater
687 3757 800 3842 primis
815 3757 880 3821 huc
896 3756 986 3822 misit
1002 3759 1044 3822 ab
1059 3757 1163 3823 annis.

239 3863 365 3928 “Dum
381 3864 491 3928 stabat
504 3883 602 3948 regno
617 3862 788 3927 incolumis
804 3883 982 3948 regumque
998 3859 1129 3949 vigebat

240 3967 260 4001 “
275 3967 450 4050 Oonciliis3
476 3976 509 4032 et
525 3987 583 4032 nos
599 3966 729 4050 aliquod
745 3987 927 4052 nomenque
944 3967 1106 4052 decusque
