<?xml version="1.0" encoding="UTF-8"?>
<!DOCTYPE html PUBLIC "-//W3C//DTD XHTML 1.0 Transitional//EN"
    "http://www.w3.org/TR/xhtml1/DTD/xhtml1-transitional.dtd">
<html xmlns="http://www.w3.org/1999/xhtml" xml:lang="en" lang="en">
 <head>
  <title>
</title>
<meta http-equiv="Content-Type" content="text/html;charset=utf-8" />
  <meta name='ocr-system' content='tesseract 3.04.00' />
  <meta name='ocr-capabilities' content='ocr_page ocr_carea ocr_par ocr_line ocrx_word'/>
</head>
<body>
  <div class='ocr_page' id='page_1' title='image "./virgilsaeneidwi00virggoog_0056.png"; bbox 0 0 2838 4522; ppageno 0'>
   <div class='ocr_carea' id='block_1_1' title="bbox 260 287 950 374">
    <p class='ocr_par' dir='ltr' id='par_1_1' title="bbox 260 287 950 374">
     <span class='ocr_line' id='line_1_1' title="bbox 260 287 950 374; baseline 0 -3"><span class='ocrx_word' id='word_1_1' title='bbox 260 305 304 371; x_wconf 87' lang='grc'><strong>32</strong></span> <span class='ocrx_word' id='word_1_2' title='bbox 615 287 889 374; x_wconf 81' lang='grc' dir='ltr'><strong>Ι11111111111111.</strong></span> <span class='ocrx_word' id='word_1_3' title='bbox 915 323 950 371; x_wconf 93' lang='lat'><strong>11.</strong></span> 
     </span>
    </p>
   </div>
   <div class='ocr_carea' id='block_1_2' title="bbox 165 479 1321 4027">
    <p class='ocr_par' dir='ltr' id='par_1_2' title="bbox 260 479 1249 672">
     <span class='ocr_line' id='line_1_2' title="bbox 260 479 1249 564; baseline -0.004 -14"><span class='ocrx_word' id='word_1_4' title='bbox 260 479 352 550; x_wconf 74' lang='lat' dir='ltr'><strong>“&#39;Sir</strong></span> <span class='ocrx_word' id='word_1_5' title='bbox 369 481 521 548; x_wconf 87' lang='lat' dir='ltr'><strong>manibus</strong></span> <span class='ocrx_word' id='word_1_6' title='bbox 532 482 648 548; x_wconf 88' lang='lat' dir='ltr'><strong>vestris</strong></span> <span class='ocrx_word' id='word_1_7' title='bbox 664 491 807 556; x_wconf 84' lang='lat' dir='ltr'><strong>vestram</strong></span> <span class='ocrx_word' id='word_1_8' title='bbox 822 481 1043 548; x_wconf 81' lang='lat' dir='ltr'><strong>adscendisset</strong></span> <span class='ocrx_word' id='word_1_9' title='bbox 1058 481 1094 546; x_wconf 91' lang='lat' dir='ltr'><strong>in</strong></span> <span class='ocrx_word' id='word_1_10' title='bbox 1109 483 1225 548; x_wconf 90' lang='lat' dir='ltr'><strong>urbem</strong></span> <span class='ocrx_word' id='word_1_11' title='bbox 1239 503 1249 564; x_wconf 90' lang='lat'>;</span> 
     </span>
     <span class='ocr_line' id='line_1_3' title="bbox 260 585 1116 672; baseline 0 -20"><span class='ocrx_word' id='word_1_12' title='bbox 260 585 392 652; x_wconf 89' lang='lat' dir='ltr'><strong>“Ultro</strong></span> <span class='ocrx_word' id='word_1_13' title='bbox 408 585 523 652; x_wconf 82' lang='lat' dir='ltr'><strong>Asiam</strong></span> <span class='ocrx_word' id='word_1_14' title='bbox 538 607 658 672; x_wconf 88' lang='lat' dir='ltr'><strong>magno</strong></span> <span class='ocrx_word' id='word_1_15' title='bbox 674 586 814 671; x_wconf 76' lang='lat' dir='ltr'>Pelopea</span> <span class='ocrx_word' id='word_1_16' title='bbox 830 587 873 650; x_wconf 89' lang='lat' dir='ltr'><strong>ad</strong></span> <span class='ocrx_word' id='word_1_17' title='bbox 887 586 1015 652; x_wconf 90' lang='lat' dir='ltr'><strong>moenia</strong></span> <span class='ocrx_word' id='word_1_18' title='bbox 1030 586 1116 652; x_wconf 90' lang='lat' dir='ltr'><strong>bello</strong></span> 
     </span>
    </p>

    <p class='ocr_par' dir='ltr' id='par_1_3' title="bbox 260 691 1146 778">
     <span class='ocr_line' id='line_1_4' title="bbox 260 691 1146 778; baseline 0 -22"><span class='ocrx_word' id='word_1_19' title='bbox 260 691 281 724; x_wconf 86' lang='lat'><strong>“</strong></span> <span class='ocrx_word' id='word_1_20' title='bbox 295 691 490 776; x_wconf 77' lang='lat' dir='ltr'>Venturam,</span> <span class='ocrx_word' id='word_1_21' title='bbox 508 698 542 755; x_wconf 90' lang='lat' dir='ltr'><strong>et</strong></span> <span class='ocrx_word' id='word_1_22' title='bbox 557 699 681 756; x_wconf 88' lang='lat' dir='ltr'><strong>nostros</strong></span> <span class='ocrx_word' id='word_1_23' title='bbox 697 712 734 755; x_wconf 92' lang='lat' dir='ltr'><strong>ea</strong></span> <span class='ocrx_word' id='word_1_24' title='bbox 749 691 820 755; x_wconf 84' lang='lat' dir='ltr'><strong>fata</strong></span> <span class='ocrx_word' id='word_1_25' title='bbox 834 711 963 755; x_wconf 90' lang='lat' dir='ltr'><strong>manere</strong></span> <span class='ocrx_word' id='word_1_26' title='bbox 979 693 1146 778; x_wconf 88' lang='lat' dir='ltr'><strong>nepotes.’&#39;</strong></span> 
     </span>
    </p>

    <p class='ocr_par' dir='ltr' id='par_1_4' title="bbox 259 795 1321 987">
     <span class='ocr_line' id='line_1_5' title="bbox 259 795 1321 882; baseline 0.002 -22"><span class='ocrx_word' id='word_1_27' title='bbox 259 797 395 862; x_wconf 81' lang='lat' dir='ltr'><strong>Talibus</strong></span> <span class='ocrx_word' id='word_1_28' title='bbox 410 795 536 861; x_wconf 89' lang='lat' dir='ltr'><strong>insidiis</strong></span> <span class='ocrx_word' id='word_1_29' title='bbox 551 795 735 882; x_wconf 71' lang='lat' dir='ltr'><strong>perjurique</strong></span> <span class='ocrx_word' id='word_1_30' title='bbox 751 804 821 860; x_wconf 90' lang='lat' dir='ltr'><strong>arte</strong></span> <span class='ocrx_word' id='word_1_31' title='bbox 839 795 968 861; x_wconf 81' lang='lat' dir='ltr'><strong>Sinonis</strong></span> <span class='ocrx_word' id='word_1_32' title='bbox 1254 796 1321 862; x_wconf 84' lang='lat'><strong>195</strong></span> 
     </span>
     <span class='ocr_line' id='line_1_6' title="bbox 260 899 1103 987; baseline -0.002 -20"><span class='ocrx_word' id='word_1_33' title='bbox 260 902 394 968; x_wconf 77' lang='lat' dir='ltr'><strong>Credita</strong></span> <span class='ocrx_word' id='word_1_34' title='bbox 409 923 468 984; x_wconf 88' lang='lat' dir='ltr'><strong>res,</strong></span> <span class='ocrx_word' id='word_1_35' title='bbox 485 900 639 986; x_wconf 82' lang='lat' dir='ltr'><strong>captique</strong></span> <span class='ocrx_word' id='word_1_36' title='bbox 654 901 735 967; x_wconf 87' lang='lat' dir='ltr'><strong>dolis</strong></span> <span class='ocrx_word' id='word_1_37' title='bbox 750 899 956 987; x_wconf 77' lang='lat' dir='ltr'><strong>lacrimisque</strong></span> <span class='ocrx_word' id='word_1_38' title='bbox 972 900 1103 984; x_wconf 75' lang='lat' dir='ltr'><strong>coactis,</strong></span> 
     </span>
    </p>

    <p class='ocr_par' dir='ltr' id='par_1_5' title="bbox 165 1000 1092 1092">
     <span class='ocr_line' id='line_1_7' title="bbox 165 1000 1092 1092; baseline 0 -22"><span class='ocrx_word' id='word_1_39' title='bbox 165 1075 169 1082; x_wconf 64' lang='grc'><em>,</em></span> <span class='ocrx_word' id='word_1_40' title='bbox 259 1007 347 1086; x_wconf 82' lang='lat' dir='ltr'><strong>Quos</strong></span> <span class='ocrx_word' id='word_1_41' title='bbox 364 1027 469 1092; x_wconf 92' lang='lat' dir='ltr'><strong>neque</strong></span> <span class='ocrx_word' id='word_1_42' title='bbox 487 1005 639 1090; x_wconf 80' lang='lat' dir='ltr'><strong>Tydides,</strong></span> <span class='ocrx_word' id='word_1_43' title='bbox 655 1027 715 1070; x_wconf 93' lang='lat' dir='ltr'><strong>nec</strong></span> <span class='ocrx_word' id='word_1_44' title='bbox 730 1000 919 1070; x_wconf 80' lang='lat' dir='ltr'><strong>Larissaeus</strong></span> <span class='ocrx_word' id='word_1_45' title='bbox 935 1005 1092 1088; x_wconf 88' lang='lat' dir='ltr'><strong>Achilles,</strong></span> 
     </span>
    </p>

    <p class='ocr_par' dir='ltr' id='par_1_6' title="bbox 258 1109 1077 1194">
     <span class='ocr_line' id='line_1_8' title="bbox 258 1109 1077 1194; baseline -0.001 -19"><span class='ocrx_word' id='word_1_46' title='bbox 258 1111 334 1176; x_wconf 86' lang='lat' dir='ltr'><strong>Non</strong></span> <span class='ocrx_word' id='word_1_47' title='bbox 350 1111 429 1176; x_wconf 91' lang='lat' dir='ltr'><strong>anni</strong></span> <span class='ocrx_word' id='word_1_48' title='bbox 443 1111 595 1176; x_wconf 89' lang='lat' dir='ltr'><strong>domuere</strong></span> <span class='ocrx_word' id='word_1_49' title='bbox 611 1110 734 1194; x_wconf 91' lang='lat' dir='ltr'><strong>decem,</strong></span> <span class='ocrx_word' id='word_1_50' title='bbox 752 1131 818 1175; x_wconf 92' lang='lat' dir='ltr'><strong>non</strong></span> <span class='ocrx_word' id='word_1_51' title='bbox 833 1109 923 1174; x_wconf 88' lang='lat' dir='ltr'><strong>mille</strong></span> <span class='ocrx_word' id='word_1_52' title='bbox 940 1109 1077 1174; x_wconf 88' lang='lat' dir='ltr'><strong>carinae.</strong></span> 
     </span>
    </p>

    <p class='ocr_par' dir='ltr' id='par_1_7' title="bbox 258 1214 1320 1510">
     <span class='ocr_line' id='line_1_9' title="bbox 325 1214 1167 1302; baseline -0.002 -22"><span class='ocrx_word' id='word_1_53' title='bbox 325 1216 389 1302; x_wconf 82' lang='lat' dir='ltr'><strong>Hie</strong></span> <span class='ocrx_word' id='word_1_54' title='bbox 407 1216 496 1281; x_wconf 89' lang='lat' dir='ltr'><strong>aliud</strong></span> <span class='ocrx_word' id='word_1_55' title='bbox 512 1214 618 1300; x_wconf 88' lang='lat' dir='ltr'><strong>majus</strong></span> <span class='ocrx_word' id='word_1_56' title='bbox 634 1214 759 1280; x_wconf 88' lang='lat' dir='ltr'><strong>miseris</strong></span> <span class='ocrx_word' id='word_1_57' title='bbox 774 1215 945 1300; x_wconf 92' lang='lat' dir='ltr'><strong>multoque</strong></span> <span class='ocrx_word' id='word_1_58' title='bbox 962 1214 1167 1279; x_wconf 89' lang='lat' dir='ltr'><strong>tremendum</strong></span> 
     </span>
     <span class='ocr_line' id='line_1_10' title="bbox 259 1319 1320 1408; baseline -0.003 -22"><span class='ocrx_word' id='word_1_59' title='bbox 259 1321 420 1406; x_wconf 87' lang='lat' dir='ltr'><strong>Objioitur</strong></span> <span class='ocrx_word' id='word_1_60' title='bbox 434 1321 547 1408; x_wconf 87' lang='lat' dir='ltr'><strong>magis,</strong></span> <span class='ocrx_word' id='word_1_61' title='bbox 566 1327 666 1404; x_wconf 87' lang='lat' dir='ltr'><strong>atque</strong></span> <span class='ocrx_word' id='word_1_62' title='bbox 681 1319 865 1406; x_wconf 85' lang='lat' dir='ltr'><strong>improvida</strong></span> <span class='ocrx_word' id='word_1_63' title='bbox 880 1327 1011 1406; x_wconf 82' lang='lat' dir='ltr'><strong>pectora</strong></span> <span class='ocrx_word' id='word_1_64' title='bbox 1026 1319 1149 1384; x_wconf 90' lang='lat' dir='ltr'><strong>turbat.</strong></span> <span class='ocrx_word' id='word_1_65' title='bbox 1251 1321 1320 1384; x_wconf 97' lang='grc'><strong>200</strong></span> 
     </span>
     <span class='ocr_line' id='line_1_11' title="bbox 258 1425 1001 1510; baseline -0.003 -20"><span class='ocrx_word' id='word_1_66' title='bbox 258 1425 415 1510; x_wconf 87' lang='lat' dir='ltr'><strong>Laocoon,</strong></span> <span class='ocrx_word' id='word_1_67' title='bbox 432 1426 552 1491; x_wconf 91' lang='lat' dir='ltr'><strong>ductus</strong></span> <span class='ocrx_word' id='word_1_68' title='bbox 568 1425 725 1510; x_wconf 86' lang='lat' dir='ltr'><strong>Neptuno</strong></span> <span class='ocrx_word' id='word_1_69' title='bbox 741 1431 827 1489; x_wconf 89' lang='lat' dir='ltr'><strong>sorte</strong></span> <span class='ocrx_word' id='word_1_70' title='bbox 844 1425 1001 1506; x_wconf 89' lang='lat' dir='ltr'><strong>sacerdos,</strong></span> 
     </span>
    </p>

    <p class='ocr_par' dir='ltr' id='par_1_8' title="bbox 256 1521 1317 2251">
     <span class='ocr_line' id='line_1_12' title="bbox 259 1521 1148 1697; baseline -0.001 -102"><span class='ocrx_word' id='word_1_71' title='bbox 259 1531 422 1596; x_wconf 78' lang='lat' dir='ltr'><strong>Selemnos</strong></span> <span class='ocrx_word' id='word_1_72' title='bbox 438 1537 572 1594; x_wconf 88' lang='lat' dir='ltr'><strong>taurum</strong></span> <span class='ocrx_word' id='word_1_73' title='bbox 586 1529 754 1616; x_wconf 88' lang='lat' dir='ltr'><strong>ingentem</strong></span> <span class='ocrx_word' id='word_1_74' title='bbox 770 1531 938 1595; x_wconf 86' lang='lat' dir='ltr'><strong>mactabat</strong></span> <span class='ocrx_word' id='word_1_75' title='bbox 954 1528 996 1594; x_wconf 91' lang='lat' dir='ltr'><strong>ad</strong></span> <span class='ocrx_word' id='word_1_76' title='bbox 1011 1521 1148 1697; x_wconf 33' lang='lat' dir='ltr'><strong>crass</strong></span> 
     </span>
     <span class='ocr_line' id='line_1_13' title="bbox 258 1625 1160 1726; baseline 0 -28"><span class='ocrx_word' id='word_1_77' title='bbox 258 1633 344 1698; x_wconf 83' lang='lat' dir='ltr'><strong>Ecce</strong></span> <span class='ocrx_word' id='word_1_78' title='bbox 356 1640 468 1726; x_wconf 74' lang='lat' dir='ltr'><strong>autern</strong></span> <span class='ocrx_word' id='word_1_79' title='bbox 483 1633 605 1720; x_wconf 90' lang='lat' dir='ltr'><strong>gemini</strong></span> <span class='ocrx_word' id='word_1_80' title='bbox 620 1655 641 1697; x_wconf 89' lang='grc'><strong>1</strong></span> <span class='ocrx_word' id='word_1_81' title='bbox 658 1625 789 1698; x_wconf 80' lang='lat' dir='ltr'><strong>Tenedo</strong></span> <span class='ocrx_word' id='word_1_82' title='bbox 805 1632 986 1718; x_wconf 83' lang='lat' dir='ltr'><strong>tranlquilla</strong></span> <span class='ocrx_word' id='word_1_83' title='bbox 1001 1632 1108 1718; x_wconf 65' lang='lat' dir='ltr'><strong>perlal</strong></span> <span class='ocrx_word' id='word_1_84' title='bbox 1124 1655 1160 1698; x_wconf 87' lang='lat' dir='ltr'><strong>a·</strong></span> 
     </span>
     <span class='ocr_line' id='line_1_14' title="bbox 258 1720 1066 1824; baseline 0.004 -24"><span class='ocrx_word' id='word_1_85' title='bbox 258 1727 416 1803; x_wconf 84' lang='lat' dir='ltr'><strong>Horresbo</strong></span> <span class='ocrx_word' id='word_1_86' title='bbox 432 1737 756 1822; x_wconf 84' lang='lat' dir='ltr'><strong>referens-immensis</strong></span> <span class='ocrx_word' id='word_1_87' title='bbox 772 1724 902 1802; x_wconf 83' lang='lat' dir='ltr'><strong>orbibus</strong></span> <span class='ocrx_word' id='word_1_88' title='bbox 914 1735 1040 1824; x_wconf 72' lang='lat' dir='ltr'><strong>&#39;angues</strong></span> <span class='ocrx_word' id='word_1_89' title='bbox 1065 1720 1066 1728; x_wconf 27' lang='lat'>¹</span> 
     </span>
     <span class='ocr_line' id='line_1_15' title="bbox 257 1827 1317 1936; baseline 0.007 -31"><span class='ocrx_word' id='word_1_90' title='bbox 257 1827 459 1915; x_wconf 85' lang='lat' dir='ltr'><strong>Incumbunt</strong></span> <span class='ocrx_word' id='word_1_91' title='bbox 475 1842 600 1928; x_wconf 83' lang='lat' dir='ltr'><strong>pelago,</strong></span> <span class='ocrx_word' id='word_1_92' title='bbox 617 1840 803 1928; x_wconf 87' lang='lat' dir='ltr'><strong>pariterque</strong></span> <span class='ocrx_word' id='word_1_93' title='bbox 819 1829 861 1936; x_wconf 86' lang='lat' dir='ltr'><strong>ad</strong></span> <span class='ocrx_word' id='word_1_94' title='bbox 876 1841 972 1906; x_wconf 87' lang='lat' dir='ltr'><strong>litora</strong></span> <span class='ocrx_word' id='word_1_95' title='bbox 986 1843 1148 1909; x_wconf 88' lang='lat' dir='ltr'><strong>tendunt:</strong></span> <span class='ocrx_word' id='word_1_96' title='bbox 1250 1845 1317 1912; x_wconf 86' lang='grc'><strong>205</strong></span> 
     </span>
     <span class='ocr_line' id='line_1_16' title="bbox 257 1932 1100 2032; baseline 0.001 -22"><span class='ocrx_word' id='word_1_97' title='bbox 257 1932 394 2010; x_wconf 78' lang='lat' dir='ltr'><strong>Pectora</strong></span> <span class='ocrx_word' id='word_1_98' title='bbox 410 1967 547 2031; x_wconf 90' lang='lat' dir='ltr'><strong>quorum</strong></span> <span class='ocrx_word' id='word_1_99' title='bbox 562 1946 648 2011; x_wconf 90' lang='lat' dir='ltr'><strong>inter</strong></span> <span class='ocrx_word' id='word_1_100' title='bbox 662 1945 784 2012; x_wconf 86' lang='lat' dir='ltr'><strong>fluetus</strong></span> <span class='ocrx_word' id='word_1_101' title='bbox 799 1947 925 2026; x_wconf 84' lang='lat' dir='ltr'><strong>arrecta</strong></span> <span class='ocrx_word' id='word_1_102' title='bbox 936 1939 1100 2032; x_wconf 75' lang='lat' dir='ltr'><strong>julbaeque</strong></span> 
     </span>
     <span class='ocr_line' id='line_1_17' title="bbox 258 2035 1133 2138; baseline 0.001 -22"><span class='ocrx_word' id='word_1_103' title='bbox 258 2035 460 2136; x_wconf 78' lang='lat' dir='ltr'><strong>Sanguinbae</strong></span> <span class='ocrx_word' id='word_1_104' title='bbox 477 2058 632 2136; x_wconf 90' lang='lat' dir='ltr'><strong>superant</strong></span> <span class='ocrx_word' id='word_1_105' title='bbox 647 2049 763 2135; x_wconf 90' lang='lat' dir='ltr'><strong>undas,</strong></span> <span class='ocrx_word' id='word_1_106' title='bbox 781 2057 860 2137; x_wconf 81' lang='lat' dir='ltr'><strong>pars&#39;</strong></span> <span class='ocrx_word' id='word_1_107' title='bbox 873 2058 978 2116; x_wconf 89' lang='lat' dir='ltr'><strong>cetera</strong></span> <span class='ocrx_word' id='word_1_108' title='bbox 993 2060 1133 2138; x_wconf 91' lang='lat' dir='ltr'><strong>pontum</strong></span> 
     </span>
     <span class='ocr_line' id='line_1_18' title="bbox 256 2131 1104 2251; baseline 0.006 -32"><span class='ocrx_word' id='word_1_109' title='bbox 256 2155 346 2220; x_wconf 89' lang='lat' dir='ltr'><strong>Pone</strong></span> <span class='ocrx_word' id='word_1_110' title='bbox 360 2131 441 2251; x_wconf 65' lang='lat' dir='ltr'><strong>legit</strong></span> <span class='ocrx_word' id='word_1_111' title='bbox 457 2156 632 2240; x_wconf 90' lang='lat' dir='ltr'><strong>sinuatque</strong></span> <span class='ocrx_word' id='word_1_112' title='bbox 647 2155 807 2220; x_wconf 90' lang='lat' dir='ltr'><strong>immensa</strong></span> <span class='ocrx_word' id='word_1_113' title='bbox 822 2155 986 2222; x_wconf 87' lang='lat' dir='ltr'><strong>volumine</strong></span> <span class='ocrx_word' id='word_1_114' title='bbox 1002 2163 1104 2242; x_wconf 88' lang='lat' dir='ltr'><strong>terga.</strong></span> 
     </span>
    </p>

    <p class='ocr_par' dir='ltr' id='par_1_9' title="bbox 256 2256 1316 2978">
     <span class='ocr_line' id='line_1_19' title="bbox 256 2256 1210 2348; baseline 0.002 -22"><span class='ocrx_word' id='word_1_115' title='bbox 256 2262 314 2326; x_wconf 83' lang='lat' dir='ltr'><strong>Fit</strong></span> <span class='ocrx_word' id='word_1_116' title='bbox 331 2256 457 2327; x_wconf 87' lang='lat' dir='ltr'><strong>sonitus</strong></span> <span class='ocrx_word' id='word_1_117' title='bbox 473 2268 649 2347; x_wconf 88' lang='lat' dir='ltr'><strong>spumante</strong></span> <span class='ocrx_word' id='word_1_118' title='bbox 666 2261 740 2327; x_wconf 88' lang='lat' dir='ltr'><strong>salo.</strong></span> <span class='ocrx_word' id='word_1_119' title='bbox 786 2261 810 2326; x_wconf 80' lang='lat' dir='ltr'>J</span> <span class='ocrx_word' id='word_1_120' title='bbox 813 2256 932 2346; x_wconf 81' lang='lat' dir='ltr'><strong>auique</strong></span> <span class='ocrx_word' id='word_1_121' title='bbox 947 2283 1025 2326; x_wconf 90' lang='lat' dir='ltr'><strong>arva</strong></span> <span class='ocrx_word' id='word_1_122' title='bbox 1041 2263 1210 2348; x_wconf 88' lang='lat' dir='ltr'><strong>tenebant,</strong></span> 
     </span>
     <span class='ocr_line' id='line_1_20' title="bbox 257 2349 1316 2453; baseline 0.004 -23"><span class='ocrx_word' id='word_1_123' title='bbox 257 2367 483 2451; x_wconf 86' lang='lat' dir='ltr'><strong>Ardentesque</strong></span> <span class='ocrx_word' id='word_1_124' title='bbox 499 2367 607 2432; x_wconf 88' lang='lat' dir='ltr'><strong>oculos</strong></span> <span class='ocrx_word' id='word_1_125' title='bbox 624 2367 754 2432; x_wconf 89' lang='lat' dir='ltr'><strong>suffecti</strong></span> <span class='ocrx_word' id='word_1_126' title='bbox 769 2367 925 2453; x_wconf 85' lang='lat' dir='ltr'><strong>sanguine</strong></span> <span class='ocrx_word' id='word_1_127' title='bbox 942 2375 974 2432; x_wconf 88' lang='lat' dir='ltr'><strong>et</strong></span> <span class='ocrx_word' id='word_1_128' title='bbox 984 2349 1069 2453; x_wconf 86' lang='lat' dir='ltr'><strong>igni,</strong></span> <span class='ocrx_word' id='word_1_129' title='bbox 1251 2371 1316 2434; x_wconf 93' lang='grc'><strong>210</strong></span> 
     </span>
     <span class='ocr_line' id='line_1_21' title="bbox 258 2471 1000 2556; baseline 0.004 -19"><span class='ocrx_word' id='word_1_130' title='bbox 258 2471 360 2537; x_wconf 81' lang='lat' dir='ltr'><strong>Sibila</strong></span> <span class='ocrx_word' id='word_1_131' title='bbox 374 2471 565 2536; x_wconf 89' lang='lat' dir='ltr'><strong>lambebant</strong></span> <span class='ocrx_word' id='word_1_132' title='bbox 580 2471 700 2556; x_wconf 86' lang='lat' dir='ltr'><strong>linguis</strong></span> <span class='ocrx_word' id='word_1_133' title='bbox 717 2472 920 2538; x_wconf 85' lang='lat' dir='ltr'><strong>vibrantibus</strong></span> <span class='ocrx_word' id='word_1_134' title='bbox 937 2495 1000 2540; x_wconf 88' lang='lat' dir='ltr'><strong>ora.</strong></span> 
     </span>
     <span class='ocr_line' id='line_1_22' title="bbox 257 2557 1100 2664; baseline 0.005 -25"><span class='ocrx_word' id='word_1_135' title='bbox 257 2557 457 2662; x_wconf 83' lang='lat' dir='ltr'><strong>Diffugimus</strong></span> <span class='ocrx_word' id='word_1_136' title='bbox 473 2575 546 2641; x_wconf 90' lang='lat' dir='ltr'><strong>visu</strong></span> <span class='ocrx_word' id='word_1_137' title='bbox 562 2597 749 2662; x_wconf 86' lang='lat' dir='ltr'><strong>exsangues.</strong></span> <span class='ocrx_word' id='word_1_138' title='bbox 797 2577 852 2642; x_wconf 90' lang='lat' dir='ltr'><strong>Illi</strong></span> <span class='ocrx_word' id='word_1_139' title='bbox 867 2578 996 2664; x_wconf 86' lang='lat' dir='ltr'><strong>agmine</strong></span> <span class='ocrx_word' id='word_1_140' title='bbox 1012 2586 1100 2643; x_wconf 87' lang='lat' dir='ltr'><strong>certo</strong></span> 
     </span>
     <span class='ocr_line' id='line_1_23' title="bbox 256 2680 1069 2768; baseline 0.004 -22"><span class='ocrx_word' id='word_1_141' title='bbox 256 2680 440 2746; x_wconf 87' lang='lat' dir='ltr'><strong>Laocoonta</strong></span> <span class='ocrx_word' id='word_1_142' title='bbox 456 2687 586 2766; x_wconf 90' lang='lat' dir='ltr'><strong>petunt,</strong></span> <span class='ocrx_word' id='word_1_143' title='bbox 605 2691 638 2746; x_wconf 92' lang='lat' dir='ltr'><strong>et</strong></span> <span class='ocrx_word' id='word_1_144' title='bbox 655 2682 798 2768; x_wconf 89' lang='lat' dir='ltr'><strong>primum</strong></span> <span class='ocrx_word' id='word_1_145' title='bbox 814 2705 914 2768; x_wconf 89' lang='lat' dir='ltr'><strong>parva</strong></span> <span class='ocrx_word' id='word_1_146' title='bbox 930 2685 1069 2749; x_wconf 91' lang='lat' dir='ltr'><strong>duorum</strong></span> 
     </span>
     <span class='ocr_line' id='line_1_24' title="bbox 257 2785 1053 2874; baseline 0.003 -22"><span class='ocrx_word' id='word_1_147' title='bbox 257 2785 399 2871; x_wconf 79' lang='lat' dir='ltr'><strong>Corpora</strong></span> <span class='ocrx_word' id='word_1_148' title='bbox 414 2794 567 2851; x_wconf 89' lang='lat' dir='ltr'><strong>natorum</strong></span> <span class='ocrx_word' id='word_1_149' title='bbox 583 2808 713 2874; x_wconf 91' lang='lat' dir='ltr'><strong>serpens</strong></span> <span class='ocrx_word' id='word_1_150' title='bbox 729 2787 900 2874; x_wconf 88' lang='lat' dir='ltr'><strong>amplexus</strong></span> <span class='ocrx_word' id='word_1_151' title='bbox 915 2796 1053 2874; x_wconf 89' lang='lat' dir='ltr'><strong>uterque</strong></span> 
     </span>
     <span class='ocr_line' id='line_1_25' title="bbox 256 2891 1068 2978; baseline 0.004 -23"><span class='ocrx_word' id='word_1_152' title='bbox 256 2891 422 2976; x_wconf 89' lang='lat' dir='ltr'><strong>Implicat‚</strong></span> <span class='ocrx_word' id='word_1_153' title='bbox 436 2898 470 2956; x_wconf 91' lang='grc'><strong>11</strong></span> <span class='ocrx_word' id='word_1_154' title='bbox 486 2891 617 2957; x_wconf 82' lang='lat' dir='ltr'><strong>miseros</strong></span> <span class='ocrx_word' id='word_1_155' title='bbox 632 2913 741 2957; x_wconf 90' lang='lat' dir='ltr'><strong>morsu</strong></span> <span class='ocrx_word' id='word_1_156' title='bbox 755 2893 942 2978; x_wconf 85' lang='lat' dir='ltr'><strong>depascitur</strong></span> <span class='ocrx_word' id='word_1_157' title='bbox 957 2901 1068 2976; x_wconf 87' lang='lat' dir='ltr'><strong>artus;</strong></span> 
     </span>
    </p>

    <p class='ocr_par' dir='ltr' id='par_1_10' title="bbox 204 2996 1121 3082">
     <span class='ocr_line' id='line_1_26' title="bbox 204 2996 1121 3082; baseline -0.002 -18"><span class='ocrx_word' id='word_1_158' title='bbox 204 3058 207 3064; x_wconf 93' lang='lat'>.</span> <span class='ocrx_word' id='word_1_159' title='bbox 256 2997 337 3062; x_wconf 91' lang='lat' dir='ltr'><strong>Post</strong></span> <span class='ocrx_word' id='word_1_160' title='bbox 353 2997 463 3082; x_wconf 89' lang='lat' dir='ltr'><strong>ipsum</strong></span> <span class='ocrx_word' id='word_1_161' title='bbox 479 2996 600 3062; x_wconf 74' lang='lat' dir='ltr'><strong>auxilio</strong></span> <span class='ocrx_word' id='word_1_162' title='bbox 616 2997 812 3062; x_wconf 87' lang='lat' dir='ltr'><strong>subeuntem</strong></span> <span class='ocrx_word' id='word_1_163' title='bbox 827 3019 864 3062; x_wconf 88' lang='lat' dir='ltr'><strong>ac</strong></span> <span class='ocrx_word' id='word_1_164' title='bbox 880 2998 947 3063; x_wconf 87' lang='lat' dir='ltr'><strong>tela</strong></span> <span class='ocrx_word' id='word_1_165' title='bbox 961 2998 1121 3063; x_wconf 88' lang='lat' dir='ltr'><strong>ferentem</strong></span> 
     </span>
    </p>

    <p class='ocr_par' dir='ltr' id='par_1_11' title="bbox 194 3101 1093 3189">
     <span class='ocr_line' id='line_1_27' title="bbox 194 3101 1093 3189; baseline -0.006 -17"><span class='ocrx_word' id='word_1_166' title='bbox 194 3169 196 3172; x_wconf 84' lang='grc'><strong>,</strong></span> <span class='ocrx_word' id='word_1_167' title='bbox 257 3102 454 3189; x_wconf 78' lang='lat' dir='ltr'><strong>Corripiunt,</strong></span> <span class='ocrx_word' id='word_1_168' title='bbox 472 3101 629 3188; x_wconf 89' lang='lat' dir='ltr'><strong>spirisque</strong></span> <span class='ocrx_word' id='word_1_169' title='bbox 644 3101 750 3188; x_wconf 88' lang='lat' dir='ltr'><strong>ligant</strong></span> <span class='ocrx_word' id='word_1_170' title='bbox 765 3101 964 3189; x_wconf 87' lang='lat' dir='ltr'><strong>ingentibus,</strong></span> <span class='ocrx_word' id='word_1_171' title='bbox 978 3110 1011 3168; x_wconf 90' lang='lat' dir='ltr'><strong>et</strong></span> <span class='ocrx_word' id='word_1_172' title='bbox 1022 3101 1093 3188; x_wconf 91' lang='lat' dir='ltr'><strong>jam</strong></span> 
     </span>
    </p>

    <p class='ocr_par' dir='ltr' id='par_1_12' title="bbox 257 3205 1121 3400">
     <span class='ocr_line' id='line_1_28' title="bbox 257 3205 1121 3294; baseline 0 -22"><span class='ocrx_word' id='word_1_173' title='bbox 257 3207 314 3272; x_wconf 89' lang='lat' dir='ltr'><strong>Bis</strong></span> <span class='ocrx_word' id='word_1_174' title='bbox 329 3207 477 3272; x_wconf 90' lang='lat' dir='ltr'><strong>medium</strong></span> <span class='ocrx_word' id='word_1_175' title='bbox 492 3205 647 3294; x_wconf 89' lang='lat' dir='ltr'><strong>amplexi,</strong></span> <span class='ocrx_word' id='word_1_176' title='bbox 663 3205 714 3272; x_wconf 93' lang='lat' dir='ltr'><strong>bis</strong></span> <span class='ocrx_word' id='word_1_177' title='bbox 730 3207 810 3273; x_wconf 93' lang='lat' dir='ltr'><strong>collo</strong></span> <span class='ocrx_word' id='word_1_178' title='bbox 827 3227 982 3292; x_wconf 89' lang='lat' dir='ltr'><strong>squamea</strong></span> <span class='ocrx_word' id='word_1_179' title='bbox 996 3207 1121 3273; x_wconf 89' lang='lat' dir='ltr'><strong>circum</strong></span> 
     </span>
     <span class='ocr_line' id='line_1_29' title="bbox 257 3311 1097 3400; baseline 0.002 -24"><span class='ocrx_word' id='word_1_180' title='bbox 257 3311 362 3398; x_wconf 83' lang='lat' dir='ltr'><strong>Terga</strong></span> <span class='ocrx_word' id='word_1_181' title='bbox 377 3312 457 3396; x_wconf 90' lang='lat' dir='ltr'><strong>dati,</strong></span> <span class='ocrx_word' id='word_1_182' title='bbox 474 3318 629 3400; x_wconf 88' lang='lat' dir='ltr'><strong>superant</strong></span> <span class='ocrx_word' id='word_1_183' title='bbox 646 3312 753 3397; x_wconf 88' lang='lat' dir='ltr'><strong>capite</strong></span> <span class='ocrx_word' id='word_1_184' title='bbox 770 3319 803 3377; x_wconf 91' lang='lat' dir='ltr'><strong>et</strong></span> <span class='ocrx_word' id='word_1_185' title='bbox 819 3312 996 3378; x_wconf 84' lang='lat' dir='ltr'><strong>cervicibus</strong></span> <span class='ocrx_word' id='word_1_186' title='bbox 1011 3311 1097 3378; x_wconf 89' lang='lat' dir='ltr'><strong>altis.</strong></span> 
     </span>
    </p>

    <p class='ocr_par' dir='ltr' id='par_1_13' title="bbox 256 3415 1010 3502">
     <span class='ocr_line' id='line_1_30' title="bbox 256 3415 1010 3502; baseline 0 -19"><span class='ocrx_word' id='word_1_187' title='bbox 256 3418 317 3483; x_wconf 86' lang='lat' dir='ltr'><strong>llle</strong></span> <span class='ocrx_word' id='word_1_188' title='bbox 333 3417 431 3483; x_wconf 90' lang='lat' dir='ltr'><strong>simul</strong></span> <span class='ocrx_word' id='word_1_189' title='bbox 445 3415 597 3482; x_wconf 89' lang='lat' dir='ltr'><strong>manibus</strong></span> <span class='ocrx_word' id='word_1_190' title='bbox 613 3417 721 3482; x_wconf 90' lang='lat' dir='ltr'><strong>tendit</strong></span> <span class='ocrx_word' id='word_1_191' title='bbox 737 3417 886 3482; x_wconf 90' lang='lat' dir='ltr'><strong>divellere</strong></span> <span class='ocrx_word' id='word_1_192' title='bbox 902 3418 1010 3502; x_wconf 88' lang='lat' dir='ltr'><strong>nodos,</strong></span> 
     </span>
    </p>

    <p class='ocr_par' dir='ltr' id='par_1_14' title="bbox 256 3521 932 3607">
     <span class='ocr_line' id='line_1_31' title="bbox 256 3521 932 3607; baseline 0 -20"><span class='ocrx_word' id='word_1_193' title='bbox 256 3522 408 3587; x_wconf 86' lang='lat' dir='ltr'><strong>Perfusus</strong></span> <span class='ocrx_word' id='word_1_194' title='bbox 425 3521 513 3586; x_wconf 89' lang='lat' dir='ltr'><strong>sanie</strong></span> <span class='ocrx_word' id='word_1_195' title='bbox 528 3522 630 3587; x_wconf 76' lang='lat' dir='ltr'><strong>vittas</strong></span> <span class='ocrx_word' id='word_1_196' title='bbox 645 3529 782 3606; x_wconf 88' lang='lat' dir='ltr'><strong>atroque</strong></span> <span class='ocrx_word' id='word_1_197' title='bbox 797 3542 932 3607; x_wconf 89' lang='lat' dir='ltr'><strong>veneno,</strong></span> 
     </span>
    </p>

    <p class='ocr_par' dir='ltr' id='par_1_15' title="bbox 257 3625 1027 3695">
     <span class='ocr_line' id='line_1_32' title="bbox 257 3625 1027 3695; baseline 0.004 -4"><span class='ocrx_word' id='word_1_198' title='bbox 257 3626 422 3692; x_wconf 77' lang='lat' dir='ltr'><strong>Clamores</strong></span> <span class='ocrx_word' id='word_1_199' title='bbox 438 3625 537 3690; x_wconf 90' lang='lat' dir='ltr'><strong>simul</strong></span> <span class='ocrx_word' id='word_1_200' title='bbox 551 3626 724 3691; x_wconf 89' lang='lat' dir='ltr'><strong>horrendos</strong></span> <span class='ocrx_word' id='word_1_201' title='bbox 739 3627 782 3692; x_wconf 91' lang='lat' dir='ltr'><strong>ad</strong></span> <span class='ocrx_word' id='word_1_202' title='bbox 797 3626 903 3692; x_wconf 90' lang='lat' dir='ltr'><strong>sidera</strong></span> <span class='ocrx_word' id='word_1_203' title='bbox 918 3627 1027 3695; x_wconf 86' lang='lat' dir='ltr'><strong>tollit:</strong></span> 
     </span>
    </p>

    <p class='ocr_par' dir='ltr' id='par_1_16' title="bbox 257 3729 1025 3815">
     <span class='ocr_line' id='line_1_33' title="bbox 257 3729 1025 3815; baseline 0.003 -21"><span class='ocrx_word' id='word_1_204' title='bbox 257 3729 376 3812; x_wconf 81' lang='lat' dir='ltr'><strong>Quales</strong></span> <span class='ocrx_word' id='word_1_205' title='bbox 392 3729 550 3815; x_wconf 87' lang='lat' dir='ltr'><strong>mugitus,</strong></span> <span class='ocrx_word' id='word_1_206' title='bbox 566 3729 654 3815; x_wconf 88' lang='lat' dir='ltr'><strong>fugit</strong></span> <span class='ocrx_word' id='word_1_207' title='bbox 670 3752 774 3815; x_wconf 92' lang='lat' dir='ltr'><strong>quum</strong></span> <span class='ocrx_word' id='word_1_208' title='bbox 790 3731 918 3797; x_wconf 84' lang='lat' dir='ltr'><strong>saucius</strong></span> <span class='ocrx_word' id='word_1_209' title='bbox 934 3753 1025 3796; x_wconf 87' lang='lat' dir='ltr'><strong>aram</strong></span> 
     </span>
    </p>

    <p class='ocr_par' dir='ltr' id='par_1_17' title="bbox 257 3827 1076 3904">
     <span class='ocr_line' id='line_1_34' title="bbox 257 3827 1076 3904; baseline 0.001 -4"><span class='ocrx_word' id='word_1_210' title='bbox 257 3835 388 3901; x_wconf 88' lang='lat' dir='ltr'><strong>Taurus</strong></span> <span class='ocrx_word' id='word_1_211' title='bbox 403 3843 437 3900; x_wconf 92' lang='lat' dir='ltr'><strong>et</strong></span> <span class='ocrx_word' id='word_1_212' title='bbox 448 3834 607 3900; x_wconf 87' lang='lat' dir='ltr'><strong>incertam</strong></span> <span class='ocrx_word' id='word_1_213' title='bbox 622 3835 765 3900; x_wconf 86' lang='lat' dir='ltr'><strong>excussit</strong></span> <span class='ocrx_word' id='word_1_214' title='bbox 782 3837 902 3901; x_wconf 89' lang='lat' dir='ltr'><strong>cervice</strong></span> <span class='ocrx_word' id='word_1_215' title='bbox 918 3827 1076 3904; x_wconf 75' lang='lat' dir='ltr'><strong>securim.&#39;</strong></span> 
     </span>
    </p>

    <p class='ocr_par' dir='ltr' id='par_1_18' title="bbox 256 3939 1071 4027">
     <span class='ocr_line' id='line_1_35' title="bbox 256 3939 1071 4027; baseline 0.002 -20"><span class='ocrx_word' id='word_1_216' title='bbox 256 3940 305 4008; x_wconf 88' lang='lat' dir='ltr'><strong>At</strong></span> <span class='ocrx_word' id='word_1_217' title='bbox 321 3939 441 4027; x_wconf 86' lang='lat' dir='ltr'><strong>gemini</strong></span> <span class='ocrx_word' id='word_1_218' title='bbox 455 3939 551 4026; x_wconf 88' lang='lat' dir='ltr'><strong>lapsu</strong></span> <span class='ocrx_word' id='word_1_219' title='bbox 566 3939 699 4005; x_wconf 90' lang='lat' dir='ltr'><strong>delubra</strong></span> <span class='ocrx_word' id='word_1_220' title='bbox 713 3941 756 4006; x_wconf 87' lang='lat' dir='ltr'><strong>ad</strong></span> <span class='ocrx_word' id='word_1_221' title='bbox 772 3962 902 4006; x_wconf 89' lang='lat' dir='ltr'><strong>summa</strong></span> <span class='ocrx_word' id='word_1_222' title='bbox 918 3942 1071 4009; x_wconf 87' lang='lat' dir='ltr'><strong>dracones</strong></span> 
     </span>
    </p>
   </div>
   <div class='ocr_carea' id='block_1_3' title="bbox 0 0 1424 4522">
    <p class='ocr_par' dir='ltr' id='par_1_19' title="bbox 0 0 1424 4522">
     <span class='ocr_line' id='line_1_36' title="bbox 0 0 1424 4522; baseline 0 1"><span class='ocrx_word' id='word_1_223' title='bbox 0 0 1424 4522; x_wconf 95' lang='lat' dir='ltr'><strong> </strong></span> 
     </span>
    </p>
   </div>
  </div>
 </body>
</html>
