<?xml version="1.0" encoding="UTF-8"?>
<!DOCTYPE html PUBLIC "-//W3C//DTD XHTML 1.0 Transitional//EN"
    "http://www.w3.org/TR/xhtml1/DTD/xhtml1-transitional.dtd">
<html xmlns="http://www.w3.org/1999/xhtml" xml:lang="en" lang="en">
 <head>
  <title>
</title>
<meta http-equiv="Content-Type" content="text/html;charset=utf-8" />
  <meta name='ocr-system' content='tesseract 3.04.00' />
  <meta name='ocr-capabilities' content='ocr_page ocr_carea ocr_par ocr_line ocrx_word'/>
</head>
<body>
  <div class='ocr_page' id='page_1' title='image "./virgilsaeneidwi00virggoog_0104.png"; bbox 0 0 2898 4518; ppageno 0'>
   <div class='ocr_carea' id='block_1_1' title="bbox 226 277 917 354">
    <p class='ocr_par' dir='ltr' id='par_1_1' title="bbox 226 277 917 354">
     <span class='ocr_line' id='line_1_1' title="bbox 226 277 917 354; baseline 0.009 -10"><span class='ocrx_word' id='word_1_1' title='bbox 226 277 271 344; x_wconf 89' lang='lat'>80</span> <span class='ocrx_word' id='word_1_2' title='bbox 508 345 511 354; x_wconf 85' lang='grc'>,</span> <span class='ocrx_word' id='word_1_3' title='bbox 585 299 757 346; x_wconf 74' lang='lat' dir='ltr'>nuunrnos</span> <span class='ocrx_word' id='word_1_4' title='bbox 780 301 845 349; x_wconf 81' lang='lat' dir='ltr'>nm.</span> <span class='ocrx_word' id='word_1_5' title='bbox 865 302 917 350; x_wconf 71' lang='lat' dir='ltr'>iv.</span> 
     </span>
    </p>
   </div>
   <div class='ocr_carea' id='block_1_2' title="bbox 165 455 1293 4008">
    <p class='ocr_par' dir='ltr' id='par_1_2' title="bbox 185 455 1287 653">
     <span class='ocr_line' id='line_1_2' title="bbox 226 455 1287 530; baseline 0.006 -8"><span class='ocrx_word' id='word_1_6' title='bbox 226 455 362 522; x_wconf 84' lang='lat' dir='ltr'><strong>Aenean</strong></span> <span class='ocrx_word' id='word_1_7' title='bbox 376 455 573 524; x_wconf 84' lang='lat' dir='ltr'><strong>fundantem</strong></span> <span class='ocrx_word' id='word_1_8' title='bbox 588 481 676 526; x_wconf 87' lang='lat' dir='ltr'>arces</span> <span class='ocrx_word' id='word_1_9' title='bbox 688 482 726 525; x_wconf 95' lang='lat' dir='ltr'>ac</span> <span class='ocrx_word' id='word_1_10' title='bbox 742 468 832 526; x_wconf 88' lang='lat' dir='ltr'>tecte</span> <span class='ocrx_word' id='word_1_11' title='bbox 847 468 1023 528; x_wconf 86' lang='lat' dir='ltr'>novantem</span> <span class='ocrx_word' id='word_1_12' title='bbox 1219 463 1287 530; x_wconf 77' lang='lat'>260</span> 
     </span>
     <span class='ocr_line' id='line_1_3' title="bbox 185 563 1122 653; baseline 0.005 -23"><span class='ocrx_word' id='word_1_13' title='bbox 185 567 189 574; x_wconf 86' lang='lat'>&#39;</span> <span class='ocrx_word' id='word_1_14' title='bbox 207 565 213 578; x_wconf 95' lang='grc'><strong><em>’</em></strong></span> <span class='ocrx_word' id='word_1_15' title='bbox 228 563 425 651; x_wconf 72' lang='lat' dir='ltr'>Conspicit:</span> <span class='ocrx_word' id='word_1_16' title='bbox 450 573 550 651; x_wconf 91' lang='lat' dir='ltr'>atque</span> <span class='ocrx_word' id='word_1_17' title='bbox 565 567 614 632; x_wconf 91' lang='lat' dir='ltr'>illi</span> <span class='ocrx_word' id='word_1_18' title='bbox 630 567 782 632; x_wconf 85' lang='lat' dir='ltr'>stellatus</span> <span class='ocrx_word' id='word_1_19' title='bbox 793 567 922 653; x_wconf 87' lang='lat' dir='ltr'>jaspide</span> <span class='ocrx_word' id='word_1_20' title='bbox 937 569 1028 634; x_wconf 87' lang='lat' dir='ltr'>fulva</span> <span class='ocrx_word' id='word_1_21' title='bbox 1116 567 1122 580; x_wconf 83' lang='grc'>’</span> 
     </span>
    </p>

    <p class='ocr_par' dir='ltr' id='par_1_3' title="bbox 226 669 995 756">
     <span class='ocr_line' id='line_1_4' title="bbox 226 669 995 756; baseline 0.005 -22"><span class='ocrx_word' id='word_1_22' title='bbox 226 669 324 735; x_wconf 85' lang='lat' dir='ltr'>Ensis</span> <span class='ocrx_word' id='word_1_23' title='bbox 340 677 418 754; x_wconf 87' lang='lat' dir='ltr'>erat,</span> <span class='ocrx_word' id='word_1_24' title='bbox 437 670 597 756; x_wconf 83' lang='lat' dir='ltr'>Tyrioque</span> <span class='ocrx_word' id='word_1_25' title='bbox 613 673 749 736; x_wconf 81' lang='lat' dir='ltr'>ardebat</span> <span class='ocrx_word' id='word_1_26' title='bbox 763 671 885 737; x_wconf 88' lang='lat' dir='ltr'>murice</span> <span class='ocrx_word' id='word_1_27' title='bbox 900 673 995 738; x_wconf 86' lang='lat' dir='ltr'>laena</span> 
     </span>
    </p>

    <p class='ocr_par' dir='ltr' id='par_1_4' title="bbox 228 773 1060 861">
     <span class='ocr_line' id='line_1_5' title="bbox 228 773 1060 861; baseline 0.007 -23"><span class='ocrx_word' id='word_1_28' title='bbox 228 773 379 840; x_wconf 89' lang='lat' dir='ltr'>Demissa</span> <span class='ocrx_word' id='word_1_29' title='bbox 394 796 435 840; x_wconf 85' lang='lat' dir='ltr'>ex</span> <span class='ocrx_word' id='word_1_30' title='bbox 449 775 601 860; x_wconf 89' lang='lat' dir='ltr'>humeris,</span> <span class='ocrx_word' id='word_1_31' title='bbox 619 775 808 861; x_wconf 72' lang='lat' dir='ltr'>dires&#39;quae</span> <span class='ocrx_word' id='word_1_32' title='bbox 821 798 956 842; x_wconf 90' lang='lat' dir='ltr'>munera</span> <span class='ocrx_word' id='word_1_33' title='bbox 973 777 1060 844; x_wconf 89' lang='lat' dir='ltr'>Dido</span> 
     </span>
    </p>

    <p class='ocr_par' dir='ltr' id='par_1_5' title="bbox 228 878 947 948">
     <span class='ocr_line' id='line_1_6' title="bbox 228 878 947 948; baseline 0.008 -6"><span class='ocrx_word' id='word_1_34' title='bbox 228 878 364 944; x_wconf 75' lang='lat' dir='ltr'>Fecerat</span> <span class='ocrx_word' id='word_1_35' title='bbox 379 886 413 944; x_wconf 93' lang='lat' dir='ltr'>et</span> <span class='ocrx_word' id='word_1_36' title='bbox 428 879 522 944; x_wconf 88' lang='lat' dir='ltr'>tenui</span> <span class='ocrx_word' id='word_1_37' title='bbox 537 880 620 945; x_wconf 87' lang='lat' dir='ltr'>telas</span> <span class='ocrx_word' id='word_1_38' title='bbox 632 880 827 946; x_wconf 75' lang='lat' dir='ltr'>discreverat</span> <span class='ocrx_word' id='word_1_39' title='bbox 842 903 947 948; x_wconf 77' lang='lat' dir='ltr'>auro.</span> 
     </span>
    </p>

    <p class='ocr_par' dir='ltr' id='par_1_6' title="bbox 229 983 1287 1177">
     <span class='ocr_line' id='line_1_7' title="bbox 229 983 1287 1072; baseline 0.003 -22"><span class='ocrx_word' id='word_1_40' title='bbox 229 983 391 1050; x_wconf 77' lang='lat' dir='ltr'>Continuo</span> <span class='ocrx_word' id='word_1_41' title='bbox 402 984 552 1052; x_wconf 85' lang='lat' dir='ltr'>invadit:</span> <span class='ocrx_word' id='word_1_42' title='bbox 580 985 666 1050; x_wconf 87' lang='lat' dir='ltr'>“Tu</span> <span class='ocrx_word' id='word_1_43' title='bbox 682 1007 769 1051; x_wconf 91' lang='lat' dir='ltr'>nunc</span> <span class='ocrx_word' id='word_1_44' title='bbox 787 986 994 1072; x_wconf 77' lang='lat' dir='ltr'>Carthaginis</span> <span class='ocrx_word' id='word_1_45' title='bbox 1006 987 1093 1052; x_wconf 89' lang='lat' dir='ltr'>altae</span> <span class='ocrx_word' id='word_1_46' title='bbox 1220 990 1287 1054; x_wconf 80' lang='lat'>265</span> 
     </span>
     <span class='ocr_line' id='line_1_8' title="bbox 229 1087 1136 1177; baseline 0.004 -25"><span class='ocrx_word' id='word_1_47' title='bbox 229 1087 495 1155; x_wconf 79' lang='lat' dir='ltr'>“Fundamenta</span> <span class='ocrx_word' id='word_1_48' title='bbox 509 1090 605 1174; x_wconf 89' lang='lat' dir='ltr'>locas,</span> <span class='ocrx_word' id='word_1_49' title='bbox 623 1091 858 1177; x_wconf 82' lang='lat' dir='ltr'>pulchramque</span> <span class='ocrx_word' id='word_1_50' title='bbox 873 1093 1006 1158; x_wconf 88' lang='lat' dir='ltr'>uxorius</span> <span class='ocrx_word' id='word_1_51' title='bbox 1022 1093 1136 1158; x_wconf 91' lang='lat' dir='ltr'>urbem</span> 
     </span>
    </p>

    <p class='ocr_par' dir='ltr' id='par_1_7' title="bbox 229 1192 1092 1281">
     <span class='ocr_line' id='line_1_9' title="bbox 229 1192 1092 1281; baseline 0.007 -24"><span class='ocrx_word' id='word_1_52' title='bbox 229 1192 250 1225; x_wconf 90' lang='lat'><strong>“</strong></span> <span class='ocrx_word' id='word_1_53' title='bbox 262 1193 427 1278; x_wconf 85' lang='lat' dir='ltr'>Exstruis,</span> <span class='ocrx_word' id='word_1_54' title='bbox 443 1194 613 1280; x_wconf 86' lang='lat' dir='ltr'>heuregui</span> <span class='ocrx_word' id='word_1_55' title='bbox 628 1217 799 1281; x_wconf 87' lang='lat' dir='ltr'>rerumque</span> <span class='ocrx_word' id='word_1_56' title='bbox 815 1197 913 1262; x_wconf 89' lang='lat' dir='ltr'>oblite</span> <span class='ocrx_word' id='word_1_57' title='bbox 929 1199 1092 1263; x_wconf 79' lang='lat' dir='ltr'>tuarum?</span> 
     </span>
    </p>

    <p class='ocr_par' dir='ltr' id='par_1_8' title="bbox 230 1295 1017 1388">
     <span class='ocr_line' id='line_1_10' title="bbox 230 1295 1017 1388; baseline 0.005 -26"><span class='ocrx_word' id='word_1_58' title='bbox 230 1295 339 1383; x_wconf 87' lang='lat' dir='ltr'>“Ipse</span> <span class='ocrx_word' id='word_1_59' title='bbox 354 1299 453 1364; x_wconf 82' lang='lat' dir='ltr'>deum</span> <span class='ocrx_word' id='word_1_60' title='bbox 467 1299 531 1364; x_wconf 86' lang='lat' dir='ltr'>tibi</span> <span class='ocrx_word' id='word_1_61' title='bbox 545 1321 598 1365; x_wconf 90' lang='lat' dir='ltr'>me</span> <span class='ocrx_word' id='word_1_62' title='bbox 614 1301 698 1366; x_wconf 89' lang='lat' dir='ltr'>claro</span> <span class='ocrx_word' id='word_1_63' title='bbox 714 1301 863 1367; x_wconf 90' lang='lat' dir='ltr'>demittit</span> <span class='ocrx_word' id='word_1_64' title='bbox 878 1300 1017 1388; x_wconf 85' lang='lat' dir='ltr'>Olympo</span> 
     </span>
    </p>

    <p class='ocr_par' dir='ltr' id='par_1_9' title="bbox 230 1402 1141 1492">
     <span class='ocr_line' id='line_1_11' title="bbox 230 1402 1141 1492; baseline 0.002 -24"><span class='ocrx_word' id='word_1_65' title='bbox 230 1402 252 1436; x_wconf 88' lang='lat'><strong>“</strong></span> <span class='ocrx_word' id='word_1_66' title='bbox 265 1404 438 1490; x_wconf 81' lang='lat' dir='ltr'>Regnator,</span> <span class='ocrx_word' id='word_1_67' title='bbox 456 1406 581 1470; x_wconf 91' lang='lat' dir='ltr'>coelum</span> <span class='ocrx_word' id='word_1_68' title='bbox 596 1413 630 1472; x_wconf 87' lang='lat' dir='ltr'>ct</span> <span class='ocrx_word' id='word_1_69' title='bbox 647 1414 752 1472; x_wconf 88' lang='lat' dir='ltr'>terras</span> <span class='ocrx_word' id='word_1_70' title='bbox 764 1407 822 1492; x_wconf 90' lang='lat' dir='ltr'>qui</span> <span class='ocrx_word' id='word_1_71' title='bbox 837 1408 970 1472; x_wconf 90' lang='lat' dir='ltr'>numine</span> <span class='ocrx_word' id='word_1_72' title='bbox 987 1415 1117 1492; x_wconf 88' lang='lat' dir='ltr'>torquet</span> <span class='ocrx_word' id='word_1_73' title='bbox 1132 1428 1141 1488; x_wconf 90' lang='lat'>;</span> 
     </span>
    </p>

    <p class='ocr_par' dir='ltr' id='par_1_10' title="bbox 224 1507 1288 1703">
     <span class='ocr_line' id='line_1_12' title="bbox 230 1507 1288 1598; baseline 0.003 -26"><span class='ocrx_word' id='word_1_74' title='bbox 230 1507 252 1540; x_wconf 86' lang='lat'>“</span> <span class='ocrx_word' id='word_1_75' title='bbox 264 1509 341 1594; x_wconf 87' lang='lat' dir='ltr'>Ipse</span> <span class='ocrx_word' id='word_1_76' title='bbox 356 1509 436 1574; x_wconf 86' lang='lat' dir='ltr'>haec</span> <span class='ocrx_word' id='word_1_77' title='bbox 451 1509 533 1576; x_wconf 86' lang='lat' dir='ltr'>ferre</span> <span class='ocrx_word' id='word_1_78' title='bbox 544 1510 641 1596; x_wconf 89' lang='lat' dir='ltr'>jubet</span> <span class='ocrx_word' id='word_1_79' title='bbox 657 1513 772 1578; x_wconf 90' lang='lat' dir='ltr'>celeres</span> <span class='ocrx_word' id='word_1_80' title='bbox 789 1513 946 1578; x_wconf 84' lang='lat' dir='ltr'>mandata</span> <span class='ocrx_word' id='word_1_81' title='bbox 961 1534 1020 1598; x_wconf 88' lang='lat' dir='ltr'>per</span> <span class='ocrx_word' id='word_1_82' title='bbox 1035 1533 1148 1577; x_wconf 90' lang='lat' dir='ltr'>auras:</span> <span class='ocrx_word' id='word_1_83' title='bbox 1221 1509 1288 1578; x_wconf 80' lang='lat'>270</span> 
     </span>
     <span class='ocr_line' id='line_1_13' title="bbox 224 1613 1173 1703; baseline 0.006 -26"><span class='ocrx_word' id='word_1_84' title='bbox 224 1613 252 1668; x_wconf 86' lang='lat'>.“</span> <span class='ocrx_word' id='word_1_85' title='bbox 266 1613 353 1694; x_wconf 83' lang='lat' dir='ltr'>Quid</span> <span class='ocrx_word' id='word_1_86' title='bbox 369 1615 477 1699; x_wconf 87' lang='lat' dir='ltr'>struis,</span> <span class='ocrx_word' id='word_1_87' title='bbox 495 1624 554 1682; x_wconf 87' lang='lat' dir='ltr'>aut</span> <span class='ocrx_word' id='word_1_88' title='bbox 569 1637 636 1702; x_wconf 89' lang='lat' dir='ltr'>qua</span> <span class='ocrx_word' id='word_1_89' title='bbox 652 1639 708 1703; x_wconf 86' lang='lat' dir='ltr'>spe</span> <span class='ocrx_word' id='word_1_90' title='bbox 723 1617 854 1702; x_wconf 85' lang='lat' dir='ltr'>Libycis</span> <span class='ocrx_word' id='word_1_91' title='bbox 871 1617 948 1684; x_wconf 86' lang='lat' dir='ltr'>teris</span> <span class='ocrx_word' id='word_1_92' title='bbox 965 1618 1032 1684; x_wconf 90' lang='lat' dir='ltr'>otia</span> <span class='ocrx_word' id='word_1_93' title='bbox 1047 1618 1173 1683; x_wconf 80' lang='lat' dir='ltr'>terris?</span> 
     </span>
    </p>

    <p class='ocr_par' dir='ltr' id='par_1_11' title="bbox 221 1718 1017 1808">
     <span class='ocr_line' id='line_1_14' title="bbox 221 1718 1017 1808; baseline 0.003 -24"><span class='ocrx_word' id='word_1_94' title='bbox 221 1718 253 1766; x_wconf 87' lang='lat'>·“</span> <span class='ocrx_word' id='word_1_95' title='bbox 266 1719 301 1785; x_wconf 78' lang='lat' dir='ltr'>si</span> <span class='ocrx_word' id='word_1_96' title='bbox 315 1727 350 1784; x_wconf 88' lang='lat' dir='ltr'>te</span> <span class='ocrx_word' id='word_1_97' title='bbox 365 1720 463 1785; x_wconf 88' lang='lat' dir='ltr'>nulla·</span> <span class='ocrx_word' id='word_1_98' title='bbox 473 1729 582 1786; x_wconf 87' lang='lat' dir='ltr'>movet</span> <span class='ocrx_word' id='word_1_99' title='bbox 598 1729 769 1787; x_wconf 89' lang='lat' dir='ltr'>tantarum</span> <span class='ocrx_word' id='word_1_100' title='bbox 784 1723 885 1808; x_wconf 88' lang='lat' dir='ltr'>gloria</span> <span class='ocrx_word' id='word_1_101' title='bbox 901 1743 1017 1807; x_wconf 88' lang='lat' dir='ltr'>rerum,</span> 
     </span>
    </p>

    <p class='ocr_par' dir='ltr' id='par_1_12' title="bbox 165 1824 1026 1912">
     <span class='ocr_line' id='line_1_15' title="bbox 165 1824 1026 1912; baseline 0.001 -23"><span class='ocrx_word' id='word_1_102' title='bbox 165 1845 168 1852; x_wconf 92' lang='lat'>·</span> <span class='ocrx_word' id='word_1_103' title='bbox 232 1824 253 1857; x_wconf 87' lang='lat'>“</span> <span class='ocrx_word' id='word_1_104' title='bbox 266 1824 335 1890; x_wconf 86' lang='lat' dir='ltr'>Nec</span> <span class='ocrx_word' id='word_1_105' title='bbox 353 1847 448 1910; x_wconf 87' lang='lat' dir='ltr'>super</span> <span class='ocrx_word' id='word_1_106' title='bbox 462 1827 531 1912; x_wconf 89' lang='lat' dir='ltr'>ipse</span> <span class='ocrx_word' id='word_1_107' title='bbox 547 1835 607 1892; x_wconf 89' lang='lat' dir='ltr'>tua</span> <span class='ocrx_word' id='word_1_108' title='bbox 622 1827 744 1893; x_wconf 88' lang='lat' dir='ltr'>moliris</span> <span class='ocrx_word' id='word_1_109' title='bbox 758 1828 856 1892; x_wconf 88' lang='lat' dir='ltr'>laude</span> <span class='ocrx_word' id='word_1_110' title='bbox 872 1827 1026 1906; x_wconf 91' lang='lat' dir='ltr'>laborem,</span> 
     </span>
    </p>

    <p class='ocr_par' dir='ltr' id='par_1_13' title="bbox 232 1931 1006 2018">
     <span class='ocr_line' id='line_1_16' title="bbox 232 1931 1006 2018; baseline -0.001 -22"><span class='ocrx_word' id='word_1_111' title='bbox 232 1931 444 1997; x_wconf 89' lang='lat' dir='ltr'>“Ascanium</span> <span class='ocrx_word' id='word_1_112' title='bbox 460 1939 647 2018; x_wconf 85' lang='lat' dir='ltr'>surgentem</span> <span class='ocrx_word' id='word_1_113' title='bbox 662 1939 695 1996; x_wconf 88' lang='lat' dir='ltr'>et</span> <span class='ocrx_word' id='word_1_114' title='bbox 711 1953 785 2018; x_wconf 88' lang='lat' dir='ltr'>spes</span> <span class='ocrx_word' id='word_1_115' title='bbox 800 1931 926 1997; x_wconf 89' lang='lat' dir='ltr'>heredis</span> <span class='ocrx_word' id='word_1_116' title='bbox 941 1931 1006 1996; x_wconf 90' lang='lat' dir='ltr'>Iuli</span> 
     </span>
    </p>

    <p class='ocr_par' dir='ltr' id='par_1_14' title="bbox 232 2029 1289 2330">
     <span class='ocr_line' id='line_1_17' title="bbox 232 2029 1289 2123; baseline 0 -23"><span class='ocrx_word' id='word_1_117' title='bbox 232 2035 253 2068; x_wconf 86' lang='lat'><strong>“</strong></span> <span class='ocrx_word' id='word_1_118' title='bbox 266 2036 413 2123; x_wconf 85' lang='lat' dir='ltr'>Respice,</span> <span class='ocrx_word' id='word_1_119' title='bbox 426 2037 480 2102; x_wconf 92' lang='lat' dir='ltr'>oni</span> <span class='ocrx_word' id='word_1_120' title='bbox 496 2057 632 2122; x_wconf 89' lang='lat' dir='ltr'>regnum</span> <span class='ocrx_word' id='word_1_121' title='bbox 647 2036 765 2101; x_wconf 90' lang='lat' dir='ltr'>Italiae</span> <span class='ocrx_word' id='word_1_122' title='bbox 782 2035 993 2120; x_wconf 88' lang='lat' dir='ltr'>Romanaque</span> <span class='ocrx_word' id='word_1_123' title='bbox 1009 2035 1107 2099; x_wconf 88' lang='lat' dir='ltr'>tellus</span> <span class='ocrx_word' id='word_1_124' title='bbox 1222 2029 1289 2100; x_wconf 81' lang='lat'>275</span> 
     </span>
     <span class='ocr_line' id='line_1_18' title="bbox 232 2132 1164 2226; baseline -0.001 -20"><span class='ocrx_word' id='word_1_125' title='bbox 232 2141 252 2174; x_wconf 86' lang='lat'><strong><em>“</em></strong></span> <span class='ocrx_word' id='word_1_126' title='bbox 266 2141 464 2208; x_wconf 85' lang='lat' dir='ltr'>Debentur.&#39;&#39;</span> <span class='ocrx_word' id='word_1_127' title='bbox 511 2141 587 2207; x_wconf 84' lang='lat' dir='ltr'>Tali</span> <span class='ocrx_word' id='word_1_128' title='bbox 603 2141 769 2226; x_wconf 74' lang='lat' dir='ltr'>Cyllenius</span> <span class='ocrx_word' id='word_1_129' title='bbox 784 2160 836 2206; x_wconf 87' lang='lat' dir='ltr'>ore</span> <span class='ocrx_word' id='word_1_130' title='bbox 851 2141 982 2206; x_wconf 86' lang='lat' dir='ltr'>locutus</span> <span class='ocrx_word' id='word_1_131' title='bbox 1159 2132 1164 2140; x_wconf 73' lang='grc'><strong>’</strong></span> 
     </span>
     <span class='ocr_line' id='line_1_19' title="bbox 232 2245 929 2330; baseline 0 -20"><span class='ocrx_word' id='word_1_132' title='bbox 232 2245 385 2312; x_wconf 90' lang='lat' dir='ltr'>Mortales</span> <span class='ocrx_word' id='word_1_133' title='bbox 402 2247 489 2312; x_wconf 86' lang='lat' dir='ltr'>visus</span> <span class='ocrx_word' id='word_1_134' title='bbox 505 2247 611 2312; x_wconf 90' lang='lat' dir='ltr'>medio</span> <span class='ocrx_word' id='word_1_135' title='bbox 628 2267 773 2312; x_wconf 89' lang='lat' dir='ltr'>sermone</span> <span class='ocrx_word' id='word_1_136' title='bbox 788 2245 929 2330; x_wconf 89' lang='lat' dir='ltr'>reliquit,</span> 
     </span>
    </p>

    <p class='ocr_par' dir='ltr' id='par_1_15' title="bbox 231 2350 1060 2438">
     <span class='ocr_line' id='line_1_20' title="bbox 231 2350 1060 2438; baseline -0.002 -22"><span class='ocrx_word' id='word_1_137' title='bbox 231 2351 278 2416; x_wconf 84' lang='lat' dir='ltr'>Et</span> <span class='ocrx_word' id='word_1_138' title='bbox 293 2353 406 2438; x_wconf 90' lang='lat' dir='ltr'>procul</span> <span class='ocrx_word' id='word_1_139' title='bbox 416 2352 451 2416; x_wconf 91' lang='lat' dir='ltr'>in</span> <span class='ocrx_word' id='word_1_140' title='bbox 467 2360 600 2417; x_wconf 91' lang='lat' dir='ltr'>tenuem</span> <span class='ocrx_word' id='word_1_141' title='bbox 616 2373 658 2416; x_wconf 84' lang='lat' dir='ltr'>ex</span> <span class='ocrx_word' id='word_1_142' title='bbox 672 2350 773 2416; x_wconf 88' lang='lat' dir='ltr'>oculis</span> <span class='ocrx_word' id='word_1_143' title='bbox 789 2350 922 2415; x_wconf 85' lang='lat' dir='ltr'>evanuit</span> <span class='ocrx_word' id='word_1_144' title='bbox 937 2370 1060 2414; x_wconf 88' lang='lat' dir='ltr'>auram.</span> 
     </span>
    </p>

    <p class='ocr_par' dir='ltr' id='par_1_16' title="bbox 231 2455 1011 2542">
     <span class='ocr_line' id='line_1_21' title="bbox 231 2455 1011 2542; baseline -0.001 -21"><span class='ocrx_word' id='word_1_145' title='bbox 231 2455 281 2521; x_wconf 90' lang='lat' dir='ltr'>At</span> <span class='ocrx_word' id='word_1_146' title='bbox 296 2477 370 2522; x_wconf 88' lang='lat' dir='ltr'>vero</span> <span class='ocrx_word' id='word_1_147' title='bbox 385 2455 515 2522; x_wconf 87' lang='lat' dir='ltr'>Aeneas</span> <span class='ocrx_word' id='word_1_148' title='bbox 530 2458 688 2542; x_wconf 87' lang='lat' dir='ltr'>adspectu</span> <span class='ocrx_word' id='word_1_149' title='bbox 703 2455 870 2522; x_wconf 89' lang='lat' dir='ltr'>obmutuit</span> <span class='ocrx_word' id='word_1_150' title='bbox 887 2475 1011 2538; x_wconf 89' lang='lat' dir='ltr'>amens,</span> 
     </span>
    </p>

    <p class='ocr_par' dir='ltr' id='par_1_17' title="bbox 232 2558 1292 2754">
     <span class='ocr_line' id='line_1_22' title="bbox 232 2558 1292 2647; baseline -0.003 -22"><span class='ocrx_word' id='word_1_151' title='bbox 232 2561 450 2647; x_wconf 86' lang='lat' dir='ltr'>Arrectaeque</span> <span class='ocrx_word' id='word_1_152' title='bbox 465 2562 591 2627; x_wconf 86' lang='lat' dir='ltr'>horrore</span> <span class='ocrx_word' id='word_1_153' title='bbox 606 2583 728 2646; x_wconf 87' lang='lat' dir='ltr'>comae,</span> <span class='ocrx_word' id='word_1_154' title='bbox 746 2570 779 2626; x_wconf 92' lang='lat' dir='ltr'>et</span> <span class='ocrx_word' id='word_1_155' title='bbox 795 2582 858 2625; x_wconf 84' lang='lat' dir='ltr'>vox</span> <span class='ocrx_word' id='word_1_156' title='bbox 872 2558 1022 2624; x_wconf 83' lang='lat' dir='ltr'>faucibus</span> <span class='ocrx_word' id='word_1_157' title='bbox 1037 2558 1152 2624; x_wconf 86' lang='lat' dir='ltr'>haesit.</span> <span class='ocrx_word' id='word_1_158' title='bbox 1222 2559 1292 2623; x_wconf 81' lang='lat'>280</span> 
     </span>
     <span class='ocr_line' id='line_1_23' title="bbox 232 2665 1047 2754; baseline -0.002 -23"><span class='ocrx_word' id='word_1_159' title='bbox 232 2665 338 2732; x_wconf 90' lang='lat' dir='ltr'>Ardet</span> <span class='ocrx_word' id='word_1_160' title='bbox 353 2668 440 2732; x_wconf 88' lang='lat' dir='ltr'>abire</span> <span class='ocrx_word' id='word_1_161' title='bbox 455 2668 535 2754; x_wconf 84' lang='lat' dir='ltr'>fuga</span> <span class='ocrx_word' id='word_1_162' title='bbox 550 2668 727 2752; x_wconf 90' lang='lat' dir='ltr'>dulcesque</span> <span class='ocrx_word' id='word_1_163' title='bbox 742 2666 921 2751; x_wconf 88' lang='lat' dir='ltr'>relinquere</span> <span class='ocrx_word' id='word_1_164' title='bbox 937 2673 1047 2748; x_wconf 88' lang='lat' dir='ltr'>terras,</span> 
     </span>
    </p>

    <p class='ocr_par' dir='ltr' id='par_1_18' title="bbox 232 2770 1042 2856">
     <span class='ocr_line' id='line_1_24' title="bbox 232 2770 1042 2856; baseline -0.005 -20"><span class='ocrx_word' id='word_1_165' title='bbox 232 2771 407 2838; x_wconf 89' lang='lat' dir='ltr'>Attonitus</span> <span class='ocrx_word' id='word_1_166' title='bbox 424 2780 518 2838; x_wconf 88' lang='lat' dir='ltr'>tanto</span> <span class='ocrx_word' id='word_1_167' title='bbox 533 2772 661 2837; x_wconf 89' lang='lat' dir='ltr'>monitu</span> <span class='ocrx_word' id='word_1_168' title='bbox 675 2771 874 2856; x_wconf 88' lang='lat' dir='ltr'>imperioque</span> <span class='ocrx_word' id='word_1_169' title='bbox 889 2770 1042 2835; x_wconf 87' lang='lat' dir='ltr'>deorum</span> 
     </span>
    </p>

    <p class='ocr_par' dir='ltr' id='par_1_19' title="bbox 233 2873 1201 3066">
     <span class='ocr_line' id='line_1_25' title="bbox 233 2873 1201 2962; baseline -0.005 -22"><span class='ocrx_word' id='word_1_170' title='bbox 233 2876 311 2941; x_wconf 92' lang='lat' dir='ltr'>Heu</span> <span class='ocrx_word' id='word_1_171' title='bbox 325 2876 406 2962; x_wconf 90' lang='lat' dir='ltr'>quid</span> <span class='ocrx_word' id='word_1_172' title='bbox 421 2879 524 2962; x_wconf 81' lang='lat' dir='ltr'>agat?</span> <span class='ocrx_word' id='word_1_173' title='bbox 550 2897 614 2961; x_wconf 89' lang='lat' dir='ltr'>quo</span> <span class='ocrx_word' id='word_1_174' title='bbox 629 2897 717 2940; x_wconf 89' lang='lat' dir='ltr'>nunc</span> <span class='ocrx_word' id='word_1_175' title='bbox 733 2873 1018 2960; x_wconf 84' lang='lat' dir='ltr'>reginamambire</span> <span class='ocrx_word' id='word_1_176' title='bbox 1034 2873 1201 2936; x_wconf 87' lang='lat' dir='ltr'>furentem</span> 
     </span>
     <span class='ocr_line' id='line_1_26' title="bbox 233 2979 1043 3066; baseline -0.006 -19"><span class='ocrx_word' id='word_1_177' title='bbox 233 2982 366 3047; x_wconf 87' lang='lat' dir='ltr'>Audeat</span> <span class='ocrx_word' id='word_1_178' title='bbox 381 2980 513 3048; x_wconf 79' lang='lat' dir='ltr'>affatu?</span> <span class='ocrx_word' id='word_1_179' title='bbox 538 3003 622 3066; x_wconf 86' lang='lat' dir='ltr'>quae</span> <span class='ocrx_word' id='word_1_180' title='bbox 638 2981 743 3066; x_wconf 87' lang='lat' dir='ltr'>prima</span> <span class='ocrx_word' id='word_1_181' title='bbox 758 2979 888 3045; x_wconf 88' lang='lat' dir='ltr'>exordia</span> <span class='ocrx_word' id='word_1_182' title='bbox 905 2980 1043 3044; x_wconf 85' lang='lat' dir='ltr'>sumat?</span> 
     </span>
    </p>

    <p class='ocr_par' dir='ltr' id='par_1_20' title="bbox 233 3083 1293 3279">
     <span class='ocr_line' id='line_1_27' title="bbox 233 3083 1293 3172; baseline -0.001 -21"><span class='ocrx_word' id='word_1_183' title='bbox 233 3087 346 3172; x_wconf 82' lang='lat' dir='ltr'>Atque</span> <span class='ocrx_word' id='word_1_184' title='bbox 358 3087 505 3152; x_wconf 90' lang='lat' dir='ltr'>animum</span> <span class='ocrx_word' id='word_1_185' title='bbox 519 3108 606 3151; x_wconf 90' lang='lat' dir='ltr'>nuno</span> <span class='ocrx_word' id='word_1_186' title='bbox 621 3087 686 3151; x_wconf 90' lang='lat' dir='ltr'>huc</span> <span class='ocrx_word' id='word_1_187' title='bbox 702 3087 848 3170; x_wconf 88' lang='lat' dir='ltr'>celerem,</span> <span class='ocrx_word' id='word_1_188' title='bbox 864 3105 952 3149; x_wconf 90' lang='lat' dir='ltr'>nunc</span> <span class='ocrx_word' id='word_1_189' title='bbox 967 3083 1084 3149; x_wconf 85' lang='lat' dir='ltr'>dividit</span> <span class='ocrx_word' id='word_1_190' title='bbox 1100 3083 1190 3168; x_wconf 85' lang='lat' dir='ltr'>illuc,</span> <span class='ocrx_word' id='word_1_191' title='bbox 1224 3085 1293 3151; x_wconf 84' lang='lat'>285</span> 
     </span>
     <span class='ocr_line' id='line_1_28' title="bbox 234 3190 1087 3279; baseline -0.002 -21"><span class='ocrx_word' id='word_1_192' title='bbox 234 3193 276 3258; x_wconf 90' lang='lat' dir='ltr'>In</span> <span class='ocrx_word' id='word_1_193' title='bbox 290 3199 464 3279; x_wconf 88' lang='lat' dir='ltr'>partesque</span> <span class='ocrx_word' id='word_1_194' title='bbox 481 3192 567 3278; x_wconf 85' lang='lat' dir='ltr'>rapit</span> <span class='ocrx_word' id='word_1_195' title='bbox 582 3192 695 3277; x_wconf 86' lang='lat' dir='ltr'>varias,</span> <span class='ocrx_word' id='word_1_196' title='bbox 712 3213 832 3278; x_wconf 86' lang='lat' dir='ltr'>perque</span> <span class='ocrx_word' id='word_1_197' title='bbox 848 3190 957 3256; x_wconf 88' lang='lat' dir='ltr'>omnia</span> <span class='ocrx_word' id='word_1_198' title='bbox 972 3198 1087 3256; x_wconf 75' lang='lat' dir='ltr'>versat,</span> 
     </span>
    </p>

    <p class='ocr_par' dir='ltr' id='par_1_21' title="bbox 233 3295 987 3385">
     <span class='ocr_line' id='line_1_29' title="bbox 233 3295 987 3385; baseline 0 -23"><span class='ocrx_word' id='word_1_199' title='bbox 233 3298 325 3363; x_wconf 90' lang='lat' dir='ltr'>Haeo</span> <span class='ocrx_word' id='word_1_200' title='bbox 342 3299 518 3364; x_wconf 86' lang='lat' dir='ltr'>alternanti</span> <span class='ocrx_word' id='word_1_201' title='bbox 534 3297 640 3385; x_wconf 88' lang='lat' dir='ltr'>potior</span> <span class='ocrx_word' id='word_1_202' title='bbox 656 3297 819 3364; x_wconf 90' lang='lat' dir='ltr'>sententia</span> <span class='ocrx_word' id='word_1_203' title='bbox 835 3295 904 3360; x_wconf 87' lang='lat' dir='ltr'>visa</span> <span class='ocrx_word' id='word_1_204' title='bbox 920 3303 987 3362; x_wconf 89' lang='lat' dir='ltr'>est:</span> 
     </span>
    </p>

    <p class='ocr_par' dir='ltr' id='par_1_22' title="bbox 234 3400 1184 3593">
     <span class='ocr_line' id='line_1_30' title="bbox 234 3400 1184 3488; baseline 0 -22"><span class='ocrx_word' id='word_1_205' title='bbox 234 3403 406 3468; x_wconf 86' lang='lat' dir='ltr'>Mnesthea</span> <span class='ocrx_word' id='word_1_206' title='bbox 423 3403 676 3488; x_wconf 80' lang='lat' dir='ltr'>Sergestumque</span> <span class='ocrx_word' id='word_1_207' title='bbox 692 3411 785 3468; x_wconf 89' lang='lat' dir='ltr'>vocat</span> <span class='ocrx_word' id='word_1_208' title='bbox 800 3401 981 3485; x_wconf 87' lang='lat' dir='ltr'>fortemque</span> <span class='ocrx_word' id='word_1_209' title='bbox 999 3400 1184 3466; x_wconf 80' lang='lat' dir='ltr'>Serestum:</span> 
     </span>
     <span class='ocr_line' id='line_1_31' title="bbox 235 3505 1116 3593; baseline -0.007 -19"><span class='ocrx_word' id='word_1_210' title='bbox 235 3507 380 3574; x_wconf 77' lang='lat' dir='ltr'>Classem</span> <span class='ocrx_word' id='word_1_211' title='bbox 394 3516 510 3593; x_wconf 90' lang='lat' dir='ltr'>aptent</span> <span class='ocrx_word' id='word_1_212' title='bbox 526 3507 620 3572; x_wconf 80' lang='lat' dir='ltr'>taciti</span> <span class='ocrx_word' id='word_1_213' title='bbox 635 3507 799 3591; x_wconf 87' lang='lat' dir='ltr'>sociosque</span> <span class='ocrx_word' id='word_1_214' title='bbox 815 3506 857 3570; x_wconf 89' lang='lat' dir='ltr'>ad</span> <span class='ocrx_word' id='word_1_215' title='bbox 872 3505 969 3568; x_wconf 89' lang='lat' dir='ltr'>litora</span> <span class='ocrx_word' id='word_1_216' title='bbox 985 3512 1116 3590; x_wconf 86' lang='lat' dir='ltr'>cogant,</span> 
     </span>
    </p>

    <p class='ocr_par' dir='ltr' id='par_1_23' title="bbox 235 3609 1293 3799">
     <span class='ocr_line' id='line_1_32' title="bbox 235 3609 1293 3697; baseline -0.001 -23"><span class='ocrx_word' id='word_1_217' title='bbox 235 3611 338 3675; x_wconf 86' lang='lat' dir='ltr'>Arma</span> <span class='ocrx_word' id='word_1_218' title='bbox 354 3619 469 3697; x_wconf 89' lang='lat' dir='ltr'>parent</span> <span class='ocrx_word' id='word_1_219' title='bbox 486 3619 530 3696; x_wconf 87' lang='lat' dir='ltr'>et,</span> <span class='ocrx_word' id='word_1_220' title='bbox 547 3633 631 3697; x_wconf 88' lang='lat' dir='ltr'>quae</span> <span class='ocrx_word' id='word_1_221' title='bbox 647 3611 742 3676; x_wconf 87' lang='lat' dir='ltr'>rebus</span> <span class='ocrx_word' id='word_1_222' title='bbox 757 3610 800 3675; x_wconf 87' lang='lat' dir='ltr'>sit</span> <span class='ocrx_word' id='word_1_223' title='bbox 816 3630 914 3675; x_wconf 88' lang='lat' dir='ltr'>causa</span> <span class='ocrx_word' id='word_1_224' title='bbox 929 3609 1096 3692; x_wconf 83' lang='lat' dir='ltr'>novandis,</span> <span class='ocrx_word' id='word_1_225' title='bbox 1227 3609 1293 3674; x_wconf 60' lang='lat'>230</span> 
     </span>
     <span class='ocr_line' id='line_1_33' title="bbox 235 3712 1110 3799; baseline -0.003 -19"><span class='ocrx_word' id='word_1_226' title='bbox 235 3714 453 3780; x_wconf 89' lang='lat' dir='ltr'>Dissimulent</span> <span class='ocrx_word' id='word_1_227' title='bbox 466 3737 486 3798; x_wconf 73' lang='lat'>;¹</span> <span class='ocrx_word' id='word_1_228' title='bbox 500 3737 566 3782; x_wconf 87' lang='lat' dir='ltr'>sese</span> <span class='ocrx_word' id='word_1_229' title='bbox 584 3717 717 3799; x_wconf 87' lang='lat' dir='ltr'>interea,</span> <span class='ocrx_word' id='word_1_230' title='bbox 734 3714 865 3799; x_wconf 88' lang='lat' dir='ltr'>quando</span> <span class='ocrx_word' id='word_1_231' title='bbox 881 3713 1007 3798; x_wconf 88' lang='lat' dir='ltr'>optima</span> <span class='ocrx_word' id='word_1_232' title='bbox 1024 3712 1110 3777; x_wconf 91' lang='lat' dir='ltr'>Dido</span> 
     </span>
    </p>

    <p class='ocr_par' dir='ltr' id='par_1_24' title="bbox 235 3819 1023 3905">
     <span class='ocr_line' id='line_1_34' title="bbox 235 3819 1023 3905; baseline -0.005 -20"><span class='ocrx_word' id='word_1_233' title='bbox 235 3819 369 3886; x_wconf 88' lang='lat' dir='ltr'>Nesciat</span> <span class='ocrx_word' id='word_1_234' title='bbox 385 3828 419 3886; x_wconf 91' lang='lat' dir='ltr'>et</span> <span class='ocrx_word' id='word_1_235' title='bbox 435 3829 545 3886; x_wconf 86' lang='lat' dir='ltr'>tantos</span> <span class='ocrx_word' id='word_1_236' title='bbox 562 3819 671 3905; x_wconf 90' lang='lat' dir='ltr'>rumpi</span> <span class='ocrx_word' id='word_1_237' title='bbox 685 3841 751 3884; x_wconf 89' lang='lat' dir='ltr'>non</span> <span class='ocrx_word' id='word_1_238' title='bbox 766 3825 873 3904; x_wconf 87' lang='lat' dir='ltr'>speret</span> <span class='ocrx_word' id='word_1_239' title='bbox 890 3839 1023 3902; x_wconf 83' lang='lat' dir='ltr'>amores,</span> 
     </span>
    </p>

    <p class='ocr_par' dir='ltr' id='par_1_25' title="bbox 236 3921 1055 4008">
     <span class='ocr_line' id='line_1_35' title="bbox 236 3921 1055 4008; baseline -0.004 -19"><span class='ocrx_word' id='word_1_240' title='bbox 236 3925 457 3991; x_wconf 77' lang='lat' dir='ltr'>Tentaturum</span> <span class='ocrx_word' id='word_1_241' title='bbox 472 3925 582 3990; x_wconf 88' lang='lat' dir='ltr'>aditus</span> <span class='ocrx_word' id='word_1_242' title='bbox 597 3931 642 4008; x_wconf 91' lang='lat' dir='ltr'>et,</span> <span class='ocrx_word' id='word_1_243' title='bbox 659 3944 742 4008; x_wconf 88' lang='lat' dir='ltr'>quae</span> <span class='ocrx_word' id='word_1_244' title='bbox 758 3921 948 3988; x_wconf 84' lang='lat' dir='ltr'>mollissima</span> <span class='ocrx_word' id='word_1_245' title='bbox 962 3921 1055 3986; x_wconf 84' lang='lat' dir='ltr'>fandi</span> 
     </span>
    </p>
   </div>
   <div class='ocr_carea' id='block_1_3' title="bbox 0 0 1466 4518">
    <p class='ocr_par' dir='ltr' id='par_1_26' title="bbox 0 0 1466 4518">
     <span class='ocr_line' id='line_1_36' title="bbox 0 0 1466 4518; baseline 0 0"><span class='ocrx_word' id='word_1_246' title='bbox 0 0 1466 4518; x_wconf 95' lang='lat' dir='ltr'> </span> 
     </span>
    </p>
   </div>
  </div>
 </body>
</html>
