2898 4518
478 289 649 344 nunnrnos
672 297 736 344 nra
763 297 838 344 vm.
954 353 958 362 ¹
1134 275 1195 340 185

131 460 355 542 Addiderant,
373 457 466 522 rutili
482 465 546 522 tres
561 456 646 543 ignis
662 466 695 521 et
711 457 799 521 alitis
815 455 932 520 Austri
946 475 955 538 ;
1128 452 1197 517 430

131 566 290 652 Fulgores
307 586 394 628 nunc
410 563 566 628 terrificos
582 563 788 648 sonitumque
805 570 999 646 metumque

133 672 321 736 Miscebant
337 670 436 754 operi,
453 669 659 754 flammisque
676 669 869 753 sequacibus
885 669 957 734 iras.

133 778 233 840 Parte
249 775 315 842 alia
332 775 433 839 Marti
448 795 645 859 currumque
662 782 812 858 rotasque
828 775 975 838 volucres

134 881 324 963 Instabam,
341 879 461 964 quibus
476 879 530 943 ille
546 879 640 962 viros,
658 879 776 963 quibus
792 879 915 943 excitat
932 880 1026 944 nrbes
1044 899 1052 960 ;

134 987 330 1072 Aegidaque
345 985 543 1068 horriferam‚
561 985 714 1049 turbatae
731 985 877 1048 Palladis
894 1007 994 1067 arma,
1066 971 1072 980 ’
1130 983 1196 1049 435

134 1091 299 1158 Certatim
316 1089 460 1175 squamis
476 1096 664 1174 serpentum
679 1109 822 1172 auroque
838 1089 997 1174 polibant,

135 1179 375 1279 Oonnexosque
392 1215 524 1279 angues,
542 1194 712 1278 ipsamque
727 1194 762 1258 in
778 1193 1018 1279 pectore-divae

136 1302 301 1386 Gorgona,
314 1300 449 1364 'desecto
464 1306 647 1363 vertentem
662 1298 788 1362 lumina
804 1299 892 1364 collo.

137 1405 294 1470 “Tollite
312 1413 432 1469 cuncta
442 1406 462 1433 ”
477 1404 586 1488 inquit
604 1403 626 1436 ‘⁶
637 1412 830 1490 coeptosque
846 1405 972 1495 auferte
988 1406 1123 1489 labores,

29 1507 35 1524 ¹
138 1511 316 1577 “Aetnaei
333 1509 498 1594 Cyclopes,
517 1517 551 1574 et
565 1510 630 1574 huc
646 1511 804 1576 advertite
820 1519 974 1578 mentem.
1132 1509 1199 1575 440

139 1617 159 1648 “
173 1616 278 1680 Arma
294 1614 361 1678 acri
375 1614 524 1678 facienda
540 1613 616 1680 viro.
663 1613 760 1679 Nunc
778 1614 898 1680 viribus
913 1637 1004 1699 usus,

139 1721 160 1752 “
174 1720 273 1784 Nunc
291 1718 441 1782 manibus
457 1717 588 1803 rapidis,
606 1719 694 1784 omni
709 1741 795 1784 nunc
812 1729 882 1785 arte
898 1721 1066 1806 magistra.

140 1827 161 1859 “
176 1825 398 1910 Praecipitate
412 1826 565 1890 moras1”
612 1823 683 1889 Nec
699 1825 794 1910 plura
810 1825 940 1909 effatus,
959 1825 1059 1890 atilli

140 1931 240 1996 Ocius
255 1929 431 1993 incubuere
446 1948 566 2011 omnes,
584 1927 768 2012 pariterque
783 1929 925 1993 laborem

142 2034 266 2102 sortiti.
314 2033 407 2098 Fluit
424 2054 477 2097 aes
493 2021 568 2096 rivis
584 2032 718 2117 aurique
734 2034 917 2115 metallum,
1135 2030 1201 2099 445

141 2138 391 2222 Vulnifiousque
407 2137 539 2221 chalybs
554 2144 649 2202 vasta
664 2137 792 2202 fornace
807 2136 967 2221 liquescit.

142 2246 318 2330 Ingentem
334 2242 477 2327 clipeum
493 2241 681 2324 informant,
698 2263 803 2306 unum
818 2241 926 2306 omnia
943 2251 1055 2307 contra

143 2349 225 2413 Tela
242 2347 444 2432 Latinorum,
462 2355 674 2433 septenosque
690 2347 820 2412 orbibus
835 2347 927 2414 orbes

143 2453 346 2538 Impediunt.
393 2452 463 2517 Alii
478 2452 620 2517 ventosis
635 2451 767 2517 follibus
783 2474 877 2518 auras

142 2558 325 2643 Accipiunt
341 2558 546 2642 redduntque
560 2577 569 2639 ;
595 2557 651 2622 alii
667 2558 839 2622 stridentia
851 2558 1009 2646 tinguunt
1136 2558 1204 2627 450

143 2665 233 2731 Aera
247 2664 342 2745 lacu;
366 2663 468 2748 gemit
483 2662 645 2748 impositis
660 2662 834 2729 incudibus
851 2673 995 2732 autrum.

144 2771 201 2835 Illi
216 2769 302 2834 inter
317 2789 384 2832 sese
399 2769 505 2832 multa
521 2767 555 2832 vi
569 2767 701 2832 brachia
718 2769 839 2833 tollunt

146 2875 188 2940 In
204 2896 387 2958 numerum,
405 2880 600 2958 versantque
616 2873 725 2938 tenaci
739 2874 859 2960 forcipe
877 2898 1026 2944 massam.

214 2981 305 3045 Haec
321 2987 414 3065 pater
429 2979 551 3044 Aeoliis
566 2987 717 3065 properat
732 2981 812 3044 dum
828 2981 984 3046 Lemnius
1000 2981 1072 3066 oris,

145 3087 338 3152 Evandrum
353 3107 394 3150 ex
410 3085 527 3150 humili
542 3093 630 3152 tecto
644 3086 704 3150 lux
720 3087 858 3153 suscitat
874 3089 962 3152 alma
1140 3086 1207 3154 455

146 3193 193 3274 Et
208 3191 367 3256 matutini
381 3192 550 3256 volucrum
566 3192 627 3256 sub
642 3193 784 3258 culmine
801 3200 928 3259 cantus.
1134 3197 1136 3200 ’

148 3297 323 3382 Consurgit
339 3296 454 3380 senior,
472 3296 648 3382 tunicaque
663 3297 832 3362 inducitur
846 3305 947 3381 artus,

147 3402 193 3468 Et
211 3401 379 3486 Tyrrhena
394 3402 515 3486 pedum
531 3401 713 3468 circumdat
729 3402 860 3467 vincula
875 3402 1020 3488 plantis;

148 3507 238 3572 Turn
253 3506 347 3572 lateri
362 3515 461 3590 atque
477 3503 620 3572 humeris
638 3507 823 3592 Tegeaeum
840 3507 983 3595 subligat
999 3531 1118 3595 ensem,

148 3613 300 3678 Demissa
317 3613 359 3676 ab
374 3613 468 3677 laeva
483 3613 660 3698 pantherae
677 3620 771 3698 terga
787 3621 983 3698 retorquens.
1143 3611 1209 3681 460

148 3719 220 3784 Nec
238 3741 304 3784 non
320 3726 354 3782 et
371 3717 494 3803 gemini
510 3719 660 3782 custodes
675 3717 787 3782 limine
803 3719 845 3784 ab
861 3720 928 3783 alto
1057 3705 1065 3720 ⁸

150 3826 357 3890 Praecedunt
370 3844 583 3909 gressumque
599 3843 695 3888 canes
710 3823 909 3889 comitant-ur
923 3824 1069 3890 herilem.

92 3958 99 3968 ·
152 3931 300 4017 Hospitis
317 3929 451 3994 Aeneae
467 3928 577 3994 sedem
592 3935 626 3992 et
642 3941 765 3992 secreta
782 3930 927 4013 petebat,
