2922 4516
253 311 318 378 296
608 331 780 381 nnnnmos
803 334 869 383 me.
893 335 955 384 xu.

255 489 365 570 Quum
379 489 490 556 fremit
505 491 643 578 ilicibus,
661 501 818 578 quantus,
834 495 1022 581 gaudetque
1038 487 1154 562 nivali

254 593 385 661 Vertice
401 618 434 661 se
449 597 604 662 attollens
620 607 715 684 pater
729 598 951 686 Appenninus
966 601 1010 666 ad
1026 623 1131 669 auras.

253 702 277 768 J
278 724 334 766 am
349 725 423 769 vero
439 711 473 769 et
489 704 608 770 Rutuli
624 705 777 770 certatim
793 711 826 770 et
844 705 945 772 Troes
960 714 994 772 et
1010 728 1120 772 omnes

255 808 449 874 Convertere
465 811 573 876 oculos
588 810 678 895 Itali,
696 811 817 896 quique
833 811 902 876 alta
917 812 1076 878 tenebant
1249 810 1318 880 '705

254 913 383 980 Moenia
399 914 519 1000 quique
534 915 617 982 imos
632 915 809 1001 pulsabant
825 915 929 981 ariete
945 938 1066 1001 muros,

253 1019 421 1104 Armaque
437 1019 610 1104 deposuere
626 1018 777 1086 humeris.
826 1019 946 1105 Stupet
961 1019 1032 1105 ipse
1048 1020 1200 1106 Latinus,

254 1123 420 1210 Ingentes,
436 1123 563 1210 genitos
577 1124 710 1191 diversis
726 1124 875 1210 partibus
890 1125 986 1210 orbis,

254 1229 347 1296 Inter
362 1251 395 1296 se
410 1229 523 1296 coiisse
537 1231 621 1298 viros
636 1238 670 1296 et
686 1252 813 1297 cernere
828 1231 919 1298 ferra.

254 1336 367 1422 Atque
383 1335 441 1420 illi,
458 1343 497 1401 ut
513 1357 616 1402 vacuo
631 1343 810 1422 patuerunt
825 1357 963 1422 aequore
979 1336 1103 1422 campi,
1249 1334 1319 1404 710

254 1443 416 1509 Procursu
431 1441 554 1527 rapido,
572 1441 727 1527 conjectis
743 1442 872 1508 eminus
886 1441 1006 1526 hastis,

254 1547 423 1613 Invadunt
439 1547 580 1612 Martem
596 1547 707 1634 clipeis
723 1555 823 1633 atque
839 1568 912 1612 aere
928 1568 1041 1613 sonoro
1051 1585 1065 1596 -

255 1654 324 1718 Dat
340 1653 503 1740 gemitum
518 1652 656 1736 tellus-3
681 1661 755 1718 tum
772 1653 895 1718 crebros
911 1652 1042 1719 ensibus
1057 1652 1145 1717 ictus

256 1758 512 1844 Gongeminant:
537 1757 600 1824 fors
616 1765 649 1823 et
665 1759 769 1823 virtus
785 1757 964 1823 miscentur
978 1758 1014 1823 in
1029 1779 1141 1824 unum

254 1863 305 1928 Ao
320 1863 411 1928 velut
425 1863 553 1949 ingenti
570 1861 637 1929 Sila
653 1884 818 1928 summove
836 1862 991 1928 Taburno
1250 1858 1320 1929 715

256 1968 368 2048 Quum
383 1968 448 2033 duo
463 1967 622 2034 conversis
637 1966 772 2033 inimica
786 1967 821 2032 in
836 1967 957 2053 proelia
973 1967 1062 2032 tauri

255 2073 433 2140 Frontibus
447 2073 630 2157 incurrunt,
647 2073 761 2162 pavidi
776 2072 1071 2158 cessaremagistri,

257 2177 333 2244 Stat
348 2199 448 2263 pecus
463 2199 558 2243 omne
574 2185 667 2242 metu
682 2184 815 2242 mutum
831 2185 1044 2262 mussantque
1056 2175 1226 2261 juvencae,

256 2282 336 2364 Quis
352 2282 475 2348 nemori
490 2281 669 2368 imperitet,
687 2302 785 2367 quem
800 2289 871 2346 tota
886 2287 1036 2346 armenta
1051 2288 1252 2365 sequantur;

255 2387 312 2452 Illi
326 2387 413 2452 inter
428 2409 496 2453 sese
512 2387 622 2452 multa
637 2386 670 2451 vi
681 2387 816 2450 vulnera
831 2385 980 2469 miscent,
1251 2380 1322 2451 720

256 2490 450 2576 Oomuaque
466 2490 578 2556 obnixi
592 2490 748 2576 infigunt,
767 2497 800 2554 et
817 2489 975 2575 sauguine
990 2489 1079 2575 largo

256 2594 350 2661 Oolla
365 2615 533 2679 armosque
548 2594 662 2660 lavant
676 2615 685 2676 ;
711 2593 838 2679 gemitu
854 2614 969 2658 nemus
986 2591 1262 2678 omne⁸remugitz

255 2698 332 2764 Non
346 2699 441 2764 aliter
457 2699 537 2764 Tros
551 2698 680 2764 Aeneas
696 2705 730 2763 et
746 2697 897 2764 Daunius
912 2697 1005 2763 heros

256 2802 461 2869 Concurrunt
478 2803 589 2889 clipeis
603 2824 612 2886 ;
635 2803 751 2890 ingens
766 2803 873 2889 fragor
888 2803 1021 2868 aethera
1036 2803 1188 2889 complet.

255 2907 390 2993 Jupiter
404 2907 473 2994 ipse
485 2909 568 2974 duas
583 2917 725 2994 aequato
741 2907 890 2974 examine
904 2907 1014 2973 lances
1251 2908 1321 2979 725

257 3011 417 3098 Sustinet,
435 3021 470 3078 et
484 3013 555 3079 fata
570 3013 712 3099 imponit
728 3013 853 3078 diversa
868 3013 1018 3096 duorum,

256 3119 362 3200 Quem
377 3120 511 3186 damnet
527 3121 627 3205 labor,
645 3129 679 3186 et
694 3140 759 3204 quo
773 3126 887 3206 vergat
904 3115 1043 3205 pondere
1059 3118 1172 3186 letum

255 3223 387 3290 Emicat
402 3225 465 3308 hic,
483 3225 617 3312 impune
632 3233 765 3312 putans,
785 3231 819 3288 et
835 3245 962 3311 corpore
977 3229 1049 3288 toto

256 3327 335 3393 Alte
352 3329 521 3394 sublatum
531 3329 703 3415 ,consurgit
720 3329 852 3396 Turnus
867 3329 903 3394 in
918 3349 1039 3414 ensem,
1136 3373 1142 3382 -

255 3432 302 3496 Et
316 3432 410 3499 ferit:
436 3434 622 3499 exclamant
639 3434 738 3500 Troes
753 3434 938 3520 trepidique
953 3433 1077 3518 Latini,
1253 3431 1321 3500 730

256 3535 477 3622 Arrectoeque
494 3540 664 3604 amborum
680 3539 773 3605 acies.
820 3539 869 3604 At
886 3538 1029 3623 perfidus
1046 3537 1132 3603 ensis
1166 3542 1168 3548 '

256 3639 444 3725 Frangitur,
462 3642 497 3706 in
513 3644 684 3728 medioque
699 3644 869 3708 ardentem
885 3642 1004 3708 deserit
1020 3641 1110 3708 ictu:

257 3741 303 3808 Ni
317 3742 396 3830 fuga
411 3745 554 3811 subsidio
571 3748 695 3813 subeat.
743 3746 847 3832 Fugit
863 3747 949 3811 ocior
964 3745 1064 3829 Euro,

260 3845 308 3912 Ut
323 3850 478 3942 capulum
494 3851 645 3935 ignotum
660 3847 876 3936 dextramque
893 3849 1044 3936 adspexit
1060 3850 1226 3914 inermem.

257 3952 362 4019 Fama
376 3963 437 4039 est,
451 3956 675 4042 praecipitem,
689 3979 794 4042 quum
809 3957 961 4044 primain
977 3955 1097 4042 proelia
1108 3955 1242 4041 junctos
1253 3952 1323 4024 735
