2898 4518
230 319 277 387 84
589 336 763 384 1111111000
786 337 850 386 ars.
875 337 921 386 1v.

223 497 325 564 Jussa
341 504 455 562 tamen
470 495 584 562 divom
599 495 798 580 exsequitur,
816 496 1016 581 classemque
1033 495 1152 562 revisit.

224 602 314 666 Tum
329 602 403 666 iero
420 599 538 666 Teucri
553 600 761 683 incumbunt,
779 607 812 664 et
828 598 922 665 litore
938 601 1041 665 celsas

225 707 404 772 Deducunt
421 711 490 768 toto
506 725 613 772 naves.
660 703 767 768 Natat
783 711 885 768 uncta
897 704 1017 788 carina,

224 811 493 894 Frondentesque
508 809 618 874 ferunt
633 830 738 874 remos
753 815 786 872 et
802 809 914 874 robora
931 808 1019 874 silvis

223 913 433 996 Infabricata‚
450 913 548 998 fugae
564 910 681 977 studia.
1220 912 1290 979 400

224 1017 404 1103 Migrantes
420 1037 531 1080 cernas
546 1021 683 1098 totaque
699 1035 741 1078 ex
755 1014 835 1079 urbe
852 1020 994 1098 ruentes,

222 1122 274 1187 Ao
291 1122 382 1186 velut
399 1121 565 1205 ingentem
580 1118 733 1184 formicae
748 1118 842 1183 farris
858 1103 1010 1183 aceruum

223 1226 334 1306 Quum
350 1225 520 1311 populant,
536 1223 654 1288 hiemis
668 1243 835 1308 memores,
852 1229 1003 1308 tectoque
1018 1230 1182 1308 reponunt
1195 1245 1204 1306 ;

221 1331 258 1395 It
273 1329 403 1416 nigrum
417 1328 541 1414 campis
556 1350 675 1414 agmen
689 1328 908 1413 praedamque
924 1349 982 1413 per
996 1327 1112 1394 herbas

187 1477 190 1482 -
225 1435 428 1501 Convertant
444 1434 525 1499 calle
541 1441 692 1520 angusto,
709 1454 784 1518 pars
799 1433 937 1518 grandia
953 1434 1093 1498 trudunt
1219 1434 1285 1502 401

223 1539 371 1606 Obnixae
383 1537 551 1603 frumenta
565 1537 719 1623 humeris,
736 1559 810 1622 pars
826 1537 959 1624 agmina
975 1545 1096 1624 cogunt

223 1643 462 1729 castigantque
478 1664 582 1708 moras
597 1663 606 1726 ;
631 1664 725 1728 opere
741 1641 844 1707 omnis
861 1643 977 1708 semita
992 1643 1104 1710 fervet.

222 1748 302 1829 Quis
318 1748 489 1832 bibitum,
507 1747 604 1832 Dido,
622 1749 769 1814 cernenti
785 1747 865 1812 talia
881 1750 1024 1814 sensus?

223 1852 349 1934 Quosve
365 1853 467 1918 dabas
482 1853 635 1938 gemitus,
653 1874 757 1938 quum
772 1853 868 1917 litora
883 1852 1004 1916 fervere
1021 1852 1088 1918 late

221 1958 422 2044 Prospiceres
438 1979 512 2023 arce
527 1980 568 2023 ex
584 1979 721 2041 summa,
738 1964 912 2042 totumque
928 1957 1051 2022 videres
1217 1958 1285 2024 410

221 2064 351 2130 Misceri
365 2073 443 2130 ante
459 2065 568 2130 oculos
584 2065 688 2129 tantis
704 2063 896 2128 clamoribus
911 2065 1056 2148 aequor?
1288 2053 1293 2062 ⁸

221 2169 373 2254 Improbe
389 2191 490 2254 amor,
508 2169 586 2254 quid
603 2190 668 2234 non
683 2169 833 2234 mortalia
849 2175 980 2253 pectora
996 2169 1112 2255 cogis?

120 2303 126 2309 ·
219 2276 274 2341 Ire
290 2277 412 2341 iterum
427 2275 462 2340 in
477 2275 637 2358 lacrimas,
653 2275 772 2339 iterum
787 2283 915 2339 tentare
931 2276 1093 2360 precando

172 2384 174 2389 ’
221 2380 360 2468 Cogitur
375 2388 408 2446 et
426 2381 565 2466 supplex
581 2380 705 2446 animos
721 2381 913 2446 submittere
928 2381 1041 2464 amori,

165 2569 170 2578 Ι
220 2484 273 2549 Ne
290 2484 369 2569 quid
384 2483 593 2569 inexpertum
608 2485 728 2548 frustra
743 2484 901 2550 moritura
916 2484 1088 2569 relinquat.
1161 2520 1164 2525 ·
1216 2487 1283 2554 415

220 2589 243 2623 “
255 2590 365 2673 Anna,
381 2590 471 2654 vides
487 2596 558 2654 toto
574 2589 736 2674 properari
750 2589 873 2654 litore?
924 2588 1057 2654 Circum

219 2695 241 2727 “
258 2695 413 2780 Undique
430 2715 604 2760 convenere
618 2715 627 2778 3
652 2703 746 2760 vocat
758 2693 829 2778 jam
845 2695 998 2765 carbasus
1013 2717 1118 2780 auras,

220 2798 241 2832 “
255 2800 428 2885 Puppibus
443 2808 477 2864 et
492 2799 572 2864 laeti
587 2807 706 2864 nautae
722 2799 903 2884 imposuere
920 2820 1061 2866 coronas.

219 2900 354 2968 “'Hunc
371 2923 429 2988 ego
445 2902 473 2968 si
488 2902 582 2988 potui
597 2909 732 2968 tantum
748 2923 877 2988 sperare
892 2903 1045 2987 dolorem,

219 3008 300 3072 “Et
316 3007 465 3093 perferre,
479 3027 574 3090 soror,
588 3014 707 3092 potero.
732 3007 870 3072 Miserae
886 3007 946 3072 hoc
963 3013 1075 3071 tamen
1091 3027 1197 3070 unum
1213 3006 1280 3072 420

219 3112 240 3145 “
252 3112 451 3196 Exsequere,
469 3111 580 3194 Anna,
596 3111 797 3176 mihi-solam
812 3132 889 3175 nam
905 3111 1047 3196 perfidus
1061 3111 1117 3176 illc

217 3214 238 3251 “
253 3216 300 3280 Te
316 3215 429 3299 colere,
446 3235 579 3279 arcanos
595 3213 696 3278 etiam
712 3213 773 3278 tibi
788 3216 913 3280 credere
929 3237 1040 3280 sensus
1054 3234 1064 3296 ;

217 3321 238 3353 “
253 3321 328 3387 Sola
343 3319 404 3384 viri
418 3320 531 3385 molles
547 3319 658 3384 aditus
674 3326 708 3383 et
724 3326 872 3404 tempora
887 3341 1016 3384 noras:

217 3424 237 3456 “
250 3425 279 3507 I,
297 3444 394 3510 soror,
411 3432 511 3507 atque
527 3422 654 3486 hostem
669 3422 807 3506 supplex
823 3422 922 3487 affare
939 3422 1125 3507 superbum.

217 3529 240 3564 “
252 3530 329 3594 Non
344 3550 402 3614 ego
418 3549 494 3593 cum
510 3527 634 3592 Danais
650 3525 825 3612 Γ1101011011
841 3526 1024 3592 exscindere
1040 3535 1173 3612 gentem
1210 3526 1276 3594 425

217 3635 238 3666 “
253 3634 374 3699 Aulide
386 3633 504 3717 juravi,
522 3632 696 3698 classemve
712 3633 754 3696 ad
770 3631 929 3716 Pergama
945 3631 1029 3715 misi,

165 3779 167 3783 -
217 3739 237 3772 “
251 3739 321 3802 Nec
336 3738 440 3822 patris
456 3737 620 3802 Anchisae
636 3737 775 3802 cinerem
791 3735 942 3800 Manesve
960 3736 1087 3822 revelli:

216 3843 238 3874 “
252 3843 319 3910 0111
334 3862 407 3906 mea
422 3841 512 3906 dicta
527 3850 626 3927 negat
641 3843 738 3906 duras
754 3841 927 3907 demittere
943 3842 978 3905 in
994 3843 1117 3908 aures?

217 3947 238 3978 “
252 3945 323 4026 Quo
338 3945 434 4012 ruit?
476 3946 675 4010 Extremum
689 3945 749 4010 hoc
766 3945 897 4010 miserae
914 3946 971 4012 det
986 3967 1108 4012 munus
1124 3945 1271 4013 amanti:
