2898 4518
261 325 326 391 162
620 345 791 392 Aruernos
815 348 880 395 nra.
905 346 964 394 v11.

259 500 292 569 N
293 525 329 568 ec
347 505 483 569 dextrae
500 505 622 570 erranti
636 505 717 571 deus
733 505 828 590 afuit,
846 513 984 591 actaque
999 507 1105 572 multo

258 606 388 693 Perque
403 616 535 674 uterum
551 609 661 675 sonitu
676 631 798 696 perque
814 611 871 676 ilia
886 612 977 676 venit
995 613 1126 678 arundo.

260 711 397 780 Saucius
413 719 449 777 at
465 712 650 799 quadrupes
666 722 746 780 nota
762 714 849 780 intra
865 723 954 780 tecta
970 716 1100 802 refugit,
1256 717 1325 784 500

259 816 485 902 Successitque
501 839 635 904 gemens
650 819 799 904 stabulis,
817 827 1002 904 questuque
1018 828 1173 887 cruentus

257 918 369 1005 Atque
385 920 573 1006 imploranti
589 921 703 987 similis
719 931 848 988 tectum
864 945 958 989 omne
974 925 1129 1010 replebat.

258 1025 360 1092 Silvia
376 1027 483 1112 prima
498 1049 594 1111 soror,
611 1027 730 1113 palmis
746 1049 898 1113 percussa
914 1029 1062 1114 lacertae,

257 1131 434 1197 Auxilium
449 1140 545 1198 vocat·
561 1141 595 1198 et
610 1134 708 1198 duros
724 1135 910 1199 conclamat
926 1143 1079 1220 agrestes.

257 1235 441 1323 Olli-pestis
456 1237 545 1302 enim
560 1236 671 1303 tacitis
686 1237 769 1302 latet
785 1260 899 1324 aspera
915 1239 1021 1306 silvis·
1256 1241 1323 1306 505

257 1341 431 1427 improvisi
445 1342 578 1426 adsunt,
595 1341 648 1407 hic
664 1349 748 1408 torre
764 1349 913 1408 armatus
929 1345 1057 1428 obust0,

258 1447 389 1534 Stipitis
406 1447 458 1513 hie
474 1447 599 1535 gravidi
613 1448 725 1514 nodis:
751 1450 838 1533 quod
854 1449 972 1534 cuique
988 1458 1157 1535 repertum

257 1553 418 1638 Rimanti,
436 1555 541 1618 telum
556 1553 605 1617 ira
619 1553 707 1620 facit.
755 1553 863 1619 Vocat
879 1555 1012 1640 agmina
1029 1555 1203 1640 Tyrrheus,

259 1657 486 1738 Quadrifidam
500 1679 658 1743 quereum
673 1658 784 1723 cuneis
799 1667 839 1724 ut
854 1659 935 1724 forte
951 1659 1073 1725 coactis

259 1762 445 1847 Scindebat,
462 1770 558 1848 rapta
574 1763 701 1848 spirans
715 1762 859 1826 immane
875 1763 988 1837 securi.
1256 1765 1324 1830 510

255 1867 304 1932 At
321 1889 416 1932 saeva
431 1889 448 1932 e
464 1867 603 1953 speculis
619 1875 751 1952 tempus
766 1869 827 1932 dea
841 1877 940 1932 nacta
957 1868 1102 1953 nocendi,

255 1971 370 2036 Ardua
386 1979 476 2036 tecta
492 1971 577 2058 petit
594 1971 725 2055 stabuli,
743 1977 777 2036 et
793 1973 833 2037 de
849 1972 990 2038 culmine
1007 1993 1134 2039 summo

256 2075 426 2141 Pastorele
442 2075 531 2141 canit
548 2075 690 2161 signum,
708 2097 874 2161 cornuque
890 2098 1021 2142 recurvo

256 2180 452 2245 Tartaream
467 2180 611 2245 intendit
627 2202 757 2246 vocem:
784 2203 849 2266 qua
865 2188 1019 2266 protenus
1035 2203 1129 2247 omne

256 2285 471 2362 Contremuit,
481 2307 598 2351 nemus
613 2293 647 2350 et
665 2285 764 2350 silvae
779 2286 948 2352 insonuere
965 2287 1164 2373 profundae;
1256 2289 1321 2354 515

255 2390 375 2456 Audiit
392 2389 571 2482 et'llriviae
588 2390 682 2476 longe
698 2391 799 2474 lacus,
817 2391 923 2455 audiit
939 2391 1045 2458 amnis

255 2495 407 2562 Sulfurea
423 2494 492 2560 Nar
507 2495 601 2561 albus
616 2516 713 2581 aqua,
730 2495 900 2581 fontesque
917 2495 1028 2562 Velini
1042 2517 1051 2580 ;

253 2600 301 2665 Et
317 2601 464 2686 trepidae
480 2607 602 2665 matres
617 2621 759 2686 pressere
774 2602 817 2666 ad
832 2609 962 2688 pectora
978 2609 1080 2668 natos.

255 2706 342 2772 Tum
358 2728 431 2770 vero
446 2706 491 2770 ad
504 2726 615 2770 vocem
630 2706 758 2791 celeres,
776 2727 843 2792 qua
858 2707 996 2772 buccina
1012 2707 1145 2794 signum

254 2812 336 2878 Dira
352 2809 454 2896 dedit,
471 2811 574 2897 raptis
589 2821 788 2879 concurrunt
804 2813 950 2899 undique
967 2814 1041 2878 telis
1254 2817 1320 2882 520

253 2917 411 2983 Indomiti
426 2915 608 3004 agricolae}
633 2941 692 2984 nee
707 2940 773 2984 non
788 2928 822 2984 et
841 2920 938 2984 Troia
953 2921 1057 3004 pubes

252 3021 394 3088 Ascanio
410 3023 702 3098 auxiliumcastris
718 3022 857 3088 effundit
873 3023 1004 3108 apertis.

254 3127 408 3194 Direxere
424 3128 516 3194 acies.
563 3127 639 3194 Non
650 3127 724 3214 jam,
737 3128 913 3194 certamine
929 3131 1050 3215 agresti

208 3279 209 3282 =
254 3233 430 3318 Stipitibus
445 3233 534 3298 duris
550 3233 659 3318 agitur
674 3234 849 3299 sudibusve
865 3235 1046 3319 praeustis;

254 3340 318 3406 Sed
334 3341 413 3404 ferro
430 3337 566 3424 ancipiti
580 3339 771 3423 decernunt,
788 3347 925 3425 atraque
940 3339 1009 3405 late
1028 3357 1030 3360 ·
1254 3346 1320 3412 525

253 3445 419 3511 Horrescit
436 3443 559 3510 strictis
576 3437 666 3530 seges
682 3445 825 3534 ensibus,
838 3465 978 3529 aeraque
991 3444 1122 3531 fulgent

253 3551 327 3618 Sole
342 3549 492 3615 lacessita
508 3558 542 3614 et
557 3550 664 3614 lucem
680 3551 741 3615 sub
758 3550 871 3614 nubila
883 3549 1036 3635 jactant:

252 3654 393 3719 Fluctus
408 3653 461 3718 uti
475 3655 579 3740 primo
595 3656 701 3741 coepit
717 3677 820 3741 quum
836 3656 996 3722 albescere
1011 3665 1124 3742 ponte,

150 3773 155 3784 “
252 3759 435 3825 Paullatim
450 3781 518 3825 sese
534 3761 623 3824 tollit
638 3783 726 3826 mare
740 3767 774 3825 et
791 3761 892 3826 altius
907 3763 1014 3827 undas

251 3863 370 3950 Erigit,
386 3863 463 3929 inde
475 3863 542 3927 imo
558 3865 724 3950 consurgit
740 3866 783 3930 ad
799 3865 931 3931 aethera
946 3866 1057 3932 fundo,
1249 3873 1319 3937 530

253 3966 316 4032 Hic
331 3967 461 4051 juvenis
477 3967 616 4052 primam
632 3976 709 4034 ante
724 3969 829 4034 aciem
845 3971 1003 4037 stridente
1019 3972 1155 4059 sagitta,
