2922 4516
233 310 298 375 302
583 325 753 372 Aruernos
776 325 839 374 ura.
866 325 926 373 xrr.

234 487 322 551 Tum
337 487 421 573 lapis
436 486 505 572 ipse
521 484 592 570 viri,
610 505 751 550 vacuum
766 484 934 570 perinane
951 487 1095 570 volutus,

233 591 303 657 Nec
314 591 463 677 'spatium
479 591 582 674 evasit
598 597 720 675 totum,
738 611 842 674 neque
858 590 996 675 pertulit
1012 591 1126 656 ictum.

234 699 284 764 Ac
300 698 391 763 velut
407 697 588 782 insomnis,
606 699 714 763 oculos
730 697 788 762 ubi
803 697 960 782 languida
975 697 1093 782 pressit

233 805 340 870 Nocte
356 804 465 888 quies,
474 804 698 890 nequidquam
714 805 826 870 avidos
842 804 1017 868 extendere
1033 824 1146 869 cursus
1205 797 1209 804 ’

233 910 328 975 Velle
343 909 501 994 videmur,
518 916 552 974 et
567 909 603 974 iu
618 909 734 974 mediis
750 909 921 974 conatibus
936 909 1027 994 aegri

239 1013 444 1081 Succidimus
459 1035 468 1096 ;
492 1035 558 1080 non
571 1014 685 1100 lingua
700 1015 799 1098 valet,
816 1035 882 1078 non
897 1035 1027 1098 corpore
1042 1021 1139 1079 notae

235 1119 411 1188 Sufficiunt
426 1120 519 1204 vires,
537 1140 595 1184 nec
611 1140 675 1184 vox
690 1126 749 1183 aut
764 1118 862 1184 verba
878 1126 1084 1203 sequuntur:

236 1225 289 1292 Sic
306 1225 428 1310 Turno,
446 1244 651 1310 quacumque
666 1223 756 1288 viam
771 1223 894 1288 virtute
909 1223 1039 1308 petivit,

236 1331 428 1397 Successum
444 1329 505 1395 dea
520 1329 589 1396 dira
604 1337 713 1415 negat.
761 1329 850 1393 Tum
865 1336 995 1415 pectore
1011 1351 1124 1395 sensus

234 1435 422 1502 Vertuntur
436 1433 525 1500 varii.
572 1433 714 1498 Rutulos
729 1434 900 1518 adspectat
916 1441 950 1499 et
966 1433 1092 1518 urbem,

235 1539 484 1624 Cunctaturque
500 1544 603 1622 metu,
621 1538 789 1623 telumque
805 1538 927 1604 instare
937 1539 1123 1620 ¹tremiscit3

233 1644 314 1729 Nec,
331 1665 396 1729 quo
412 1641 589 1734 seeripiat,
602 1663 671 1725 nee,
689 1662 755 1727 qua
770 1641 804 1706 vi
819 1641 935 1707 tendat
951 1641 986 1706 in
999 1643 1137 1726 hostem,

113 1739 124 1748 ’
233 1749 303 1816 Nec
319 1769 433 1814 currus
447 1768 590 1833 usquam
605 1747 697 1812 videt
714 1746 929 1832 aurigamque
945 1768 1091 1812 sororem.

190 1925 195 1934 ,
235 1852 417 1922 Cunctanti
432 1853 539 1919 telum
554 1851 684 1918 Aeneas
698 1851 800 1917 fatale
817 1859 974 1938 coruscat,

235 1959 377 2027 Sortitus
391 1958 560 2024 fortunam
574 1957 687 2042 oeulisr,
705 1965 739 2022 et
755 1979 884 2043 corpore
899 1965 970 2024 toto
1038 2019 1041 2026 .

233 2065 373 2130 Eminus
388 2063 565 2148 intorquet.
613 2061 734 2127 Murali
749 2063 877 2128 concita
892 2074 1079 2150 numquam

234 2170 412 2236 Tormenta
424 2167 473 2235 'sic
488 2189 568 2235 saxa
582 2167 738 2252 fremunt,
755 2189 814 2233 nec
830 2168 969 2234 fulmine
984 2170 1073 2236 tanti

234 2273 426 2340 Dissultant
442 2273 604 2360 crepitus:
629 2274 717 2338 volat
733 2273 798 2338 atri
813 2272 954 2340 turbinis
969 2274 1074 2340 instar

234 2379 386 2445 Exitium
401 2380 510 2446 dirum
524 2379 622 2445 hasta
636 2378 752 2464 ferens,
769 2399 905 2464 orasque
921 2379 1060 2445 recludit

234 2484 368 2550 Lorioae
384 2491 419 2549 et
435 2483 532 2569 clipei
548 2489 708 2550 extremos
725 2483 947 2569 septemplicis
962 2485 1061 2551 orbes.

234 2591 298 2655 Per
312 2589 459 2654 medium
474 2587 614 2654 stridens
629 2589 749 2654 transit
764 2589 878 2656 femur.
924 2589 1048 2656 Incidit
1064 2589 1152 2657 ictus

234 2695 353 2780 Ingens
368 2694 412 2759 ad
427 2701 546 2759 terram
561 2694 729 2779 duplicato
744 2693 869 2780 poplite
886 2694 1026 2762 Turnus.

235 2799 444 2885 Consurgunt
459 2797 585 2885 gemitu
601 2798 730 2883 Rutuli,
749 2806 904 2885 totusque
919 2799 1061 2886 remugit

233 2904 329 2970 Mons
345 2904 477 2988 circum,
494 2911 528 2970 et
543 2925 657 2968 vocem
671 2904 739 2970 late
755 2925 885 2970 nemora
900 2905 970 2970 alta
985 2905 1168 2973 remittunt.

233 3009 294 3074 Ille
305 3008 439 3075 humilis
452 3009 656 3095 supplexque
670 3009 778 3074 oculos
790 3008 1005 3095 dextramque
1020 3017 1211 3094 precantem
1228 3013 1297 3080 930

233 3113 435 3180 Protendens
452 3113 650 3200 “Equidem
665 3113 780 3198 merui,
797 3134 858 3178 nec
874 3113 1056 3199 deprecor'’
1070 3113 1203 3201 inquit:

235 3220 373 3286 “Utere
389 3228 474 3287 sorte
490 3228 558 3288 tua.
605 3220 717 3286 Miseri
732 3227 767 3286 te
783 3220 811 3286 si
827 3241 892 3306 qua
908 3221 1055 3306 parentia

234 3325 420 3414 “Tangere
436 3348 514 3394 cura
529 3332 659 3412 potest;
685 3325 833 3391 oro-fuit
850 3333 884 3390 et
900 3324 962 3390 tibi
977 3325 1054 3390 talis

234 3429 255 3464 “
268 3430 428 3498 Anchises
444 3432 608 3519 genitor-,
627 3431 739 3496 Dauni
754 3430 903 3495 miserere
919 3437 1081 3514 senectae,

233 3533 255 3566 “
268 3534 315 3598 Et
330 3555 396 3614 me,
415 3555 472 3600 seu
487 3557 603 3620 eorpus
620 3535 794 3620 spoliatum
808 3533 932 3598 lumine
948 3517 1064 3618 niavis,
1227 3537 1293 3603 935

234 3636 379 3702 “Redde
394 3639 482 3704 meis.
495 3635 496 3642 '
530 3639 661 3722 Vicisti,
678 3647 712 3702 et
727 3638 853 3702 rictum
869 3638 1002 3704 tendere
1019 3638 1148 3725 palmas

233 3739 406 3806 “Ausonii
422 3742 548 3824 videre;
573 3749 633 3807 tua
649 3749 699 3807 est
716 3741 853 3807 Lavinia
869 3742 1008 3828 conjux:

233 3844 253 3877 “
267 3843 416 3910 Ulterius
431 3866 472 3909 ne
487 3847 585 3910 tende
600 3845 710 3912 odiis.’'
758 3846 861 3912 Stetit
877 3868 950 3913 acer
963 3847 999 3912 in
1013 3849 1112 3916 armis

189 3985 196 3998 ·
232 3947 372 4032 Aeneas,
389 3948 519 4014 volvens
534 3951 654 4036 oculos,
671 3951 883 4036 dextramque
898 3953 1067 4039 repressit;
