2838 4522
477 291 648 339 snunruos
671 293 735 340 ms.
763 292 812 340 111.
1137 278 1180 344 59

115 454 181 519 Ηὶο
197 452 396 518 incredibilis
413 473 523 518 rerum
536 452 625 516 fama
640 459 779 538 occupet
795 473 900 535 eures,

116 560 305 625 Priamiden
320 559 488 624 Helenum
505 557 620 624 Graias
636 579 768 643 regnare
784 579 842 642 per
856 557 963 640 urbes,
1114 558 1180 624 295

118 665 279 752 Oonjugio
295 665 460 731 Aeacidae
477 664 593 749 Pyrrhi
609 663 810 748 sceptrisque
827 663 982 748 potitum,

116 772 163 836 Et
178 770 287 856 patrio
303 768 557 834 Andromachen
572 768 693 832 iterum
708 767 838 832 cessisse
854 766 980 832 marito.

118 874 465 961 Obstupui,‚miroque
477 873 647 938 incensum
662 880 778 958 peetus
793 893 911 956 amore,

117 980 324 1066 Compellare
340 979 448 1044 virum
464 985 497 1044 et
514 1000 608 1044 cesus
624 999 811 1064 cognoscere
828 985 947 1043 tantos.

119 1085 312 1171 Progredior
326 1091 435 1170 portu,
452 1084 570 1149 classes
586 1090 620 1148 et
635 1083 733 1148 litore
748 1083 910 1167 linquens,
1113 1081 1180 1146 300

118 1190 287 1256 Solemncs
302 1210 405 1273 quum
419 1189 502 1254 forte
517 1190 617 1274 dapes
632 1195 667 1253 et
682 1187 790 1253 tristia
805 1189 891 1253 dona

116 1295 209 1359 Ante
225 1294 339 1359 urbem
354 1293 389 1358 in
405 1293 478 1358 luco
493 1293 568 1358 falsi
585 1291 760 1359 Simoentis
774 1292 817 1357 ad
832 1291 957 1356 undam

117 1399 260 1464 Libebat
277 1398 376 1463 cineri
391 1397 630 1480 Andromache,
649 1397 826 1480 Manesque
841 1387 979 1460 docebat

116 1503 319 1568 Hectoreum
334 1503 377 1567 ad
392 1502 571 1586 tumulum,
585 1501 679 1566 viridi
695 1522 793 1585 quem
808 1501 930 1586 cespite
944 1501 1076 1566 inanem

82 1670 86 1678 .
117 1607 165 1672 Et
180 1607 337 1693 geminas,
355 1628 488 1672 oausam
503 1607 654 1690 lacrimis,
673 1615 855 1672 sacraverat
869 1627 950 1672 eras.
1109 1606 1176 1672 305

118 1713 169 1778 Ut
185 1733 237 1776 me
253 1711 423 1798 conspexit
439 1711 625 1776 venientem
641 1718 675 1776 et
693 1711 792 1776 Troia
808 1711 931 1776 circum

117 1817 223 1880 Arme
238 1837 349 1881 amens
364 1816 467 1898 vidit3
492 1815 620 1901 magnis
636 1815 793 1879 exterrita
804 1814 957 1880 monstris

118 1920 274 2006 Deriguit
289 1921 362 1986 visu
376 1920 412 1985 in
426 1920 542 2004 medio,
559 1920 645 1985 calor
660 1941 730 1984 ossa
746 1918 888 2003 reliquit,

116 2025 268 2109 Labitur,
286 2033 320 2090 et
335 2026 430 2111 longo
445 2026 502 2090 vix
517 2027 651 2091 tandem
669 2033 814 2109 tempore
830 2023 938 2088 fatur:

117 2129 139 2162 “
153 2129 285 2195 Verane
300 2138 335 2194 te
351 2129 460 2214 facies,
477 2151 572 2196 verus
587 2130 669 2194 mihi
684 2129 820 2193 nuntius
836 2127 940 2211 affers,
1114 2129 1180 2192 310

117 2233 244 2298 “Nate
260 2235 348 2300 dea?
374 2234 522 2300 vivisne?
548 2242 618 2317 aut,
636 2234 663 2298 si
679 2235 738 2297 lux
753 2231 840 2296 elma
855 2229 1000 2314 recessit,

117 2339 140 2372 “
154 2338 281 2403 Hector
295 2339 353 2404 ubi
368 2349 417 2404 est
428 2341 444 2406 P
456 2342 476 2369 ’'
513 2339 621 2422 Dixit,
637 2337 851 2421 lacrimasque
867 2335 984 2402 effudit
1001 2341 1034 2401 et
1050 2356 1179 2408 omnem

117 2443 277 2529 Implevit
293 2445 431 2509 clamore
448 2444 565 2511 locum.
612 2442 682 2508 Vix
698 2463 804 2528 pauca
817 2441 942 2506 furenti

118 2549 264 2634 Subjioio
280 2556 314 2613 et
331 2549 410 2614 raris
426 2550 579 2614 turbatus
595 2548 727 2613 vocibus
742 2547 851 2614 hisco:

118 2655 241 2720 “Vivo
256 2653 417 2738 equidem,
433 2653 768 2738 vitemqueextreme
783 2673 841 2738 per
855 2650 965 2717 omnia
979 2650 1071 2717 duco.
1113 2651 1177 2718 315

118 2759 141 2793 “
156 2759 210 2824 Ne
226 2758 362 2826 dubita:
387 2780 466 2824 nam
481 2780 558 2824 vera
573 2758 673 2824 vides.

118 2867 141 2898 “
153 2865 240 2950 Heu,
257 2865 331 2950 quis
346 2873 380 2932 te
392 2887 486 2931 casus
501 2865 664 2950 dejectam
679 2863 815 2950 conjuge
832 2867 927 2929 tento

118 2970 140 3003 ‘⁶
152 2952 299 3055 Encipit,
317 2977 376 3034 eut
393 2989 476 3053 quae
492 2969 592 3054 digna
607 2967 686 3033 satis
700 2967 832 3032 fortuna
848 2967 988 3034 revisit?

118 3073 305 3139 “Hectoris
321 3073 548 3138 Andromache
564 3073 713 3158 Pyrrhin'
730 3071 892 3137 connubia
908 3093 1013 3137 servas
1024 3059 1069 3137 θ’)

118 3180 250 3266 Dejecit
266 3180 398 3244 vultum
413 3188 446 3245 et
462 3179 603 3245 demissa
618 3199 696 3244 voce
711 3179 823 3243 locuta
839 3184 889 3242 est
903 3197 912 3258 ;
1113 3176 1180 3240 320

118 3284 185 3352 “0
204 3284 283 3350 felix
297 3305 365 3348 una
380 3292 457 3350 ante
474 3284 554 3350 alias
571 3283 736 3348 Priameia
751 3283 853 3367 virgo,
1226 3263 1230 3272 ’

119 3391 321 3456 “Hostilem
337 3391 380 3456 ad
395 3391 561 3456 tumulum
579 3388 692 3474 Trojee
709 3389 769 3453 sub
785 3385 954 3451 moenibus
970 3383 1048 3452 altis

119 3497 142 3531 “
154 3497 179 3563 J
180 3519 256 3562 ussa
271 3496 364 3580 mori,
382 3517 465 3581 quae
482 3497 616 3562 sortitus
630 3517 696 3560 non
712 3493 851 3580 pertulit
866 3493 963 3578 ullos,

119 3603 141 3634 “
152 3601 224 3666 Nec
241 3601 372 3666 victoris
387 3601 454 3667 hori
470 3601 582 3687 tetigit
598 3599 729 3685 captiva
744 3598 869 3665 cubile!

120 3707 141 3740 “
155 3706 239 3791 Nos,
255 3705 365 3791 patria
380 3706 522 3789 incensa,
539 3706 666 3770 diversa
681 3725 738 3790 per
753 3724 893 3789 aequora
908 3710 1033 3788 vectae,
1117 3703 1183 3770 325

119 3812 141 3844 “
157 3811 277 3897 Stirpis
292 3810 461 3876 Achilleae
476 3811 582 3876 fastus
594 3810 814 3895 juvenemque
830 3809 1018 3895 superbum,

120 3918 143 3952 “
157 3917 297 3986 Servitio
313 3916 437 4003 enixae,
453 3917 600 3983 tulimus.
648 3916 713 3996 Qui
728 3915 855 4000 deinde,
873 3922 1005 3980 secutus
