2838 4522
532 994 572 1063 P.
602 995 796 1063 vlnelnll
825 994 1017 1064 lllROlllS

452 1200 1097 1298 AENEIDOS

571 1439 714 1506 LIBER
739 1437 973 1521 QUARTUS.

666 1649 880 1677 ——000—

247 1805 295 1872 At
310 1803 420 1890 regina
434 1802 525 1890 gravi
535 1801 607 1890 jam
622 1803 749 1870 dudum
767 1802 878 1870 saucia
893 1824 972 1869 cura

246 1908 377 1974 Vulnus
392 1908 451 1973 alit
468 1907 568 1993 venis,
585 1913 619 1972 et
634 1927 728 1974 caeco
742 1907 889 1993 carpitur
903 1907 982 1994 igni.

246 2012 356 2076 Multa
371 2012 431 2076 viri
446 2011 552 2076 virtus
568 2011 686 2096 animo,
703 2011 894 2096 multusque
909 2019 1052 2078 recursat

246 2116 363 2182 Gentis
378 2117 499 2199 h0n0s;
523 2116 657 2182 haerent
672 2115 766 2182 infixi
781 2124 910 2202 pectore
925 2117 1038 2183 vultus

245 2219 429 2306 Verbaque,
447 2242 505 2286 nec
522 2221 686 2308 placidam
702 2221 855 2287 membris
871 2223 929 2287 dat
944 2244 1022 2288 cura
1037 2223 1192 2308 quietem.
1286 2229 1309 2292 5

245 2327 380 2392 Postera
397 2327 547 2392 Phoebea
561 2327 724 2392 lustrabat
738 2327 889 2413 lampade
906 2335 1008 2394 terras

246 2431 513 2517 Humentemque
529 2431 656 2497 Aurora
672 2432 746 2517 polo
761 2432 940 2498 dimoverat
955 2433 1115 2518 umbram,

246 2535 358 2616 Quum
374 2535 418 2601 sic
434 2536 626 2601 unanimam
642 2537 817 2621 alloquitur
832 2538 917 2602 male
934 2559 1012 2602 sona
1028 2557 1187 2605 sororem:

248 2637 269 2671 “
282 2639 382 2704 Anna
397 2661 491 2724 soror,
509 2661 593 2724 quae
609 2661 662 2704 me
677 2661 866 2724 suspensam
881 2639 1042 2706 insomnia
1058 2644 1211 2708 terrent?

248 2743 362 2825 “Quis
377 2766 479 2809 novus
494 2745 546 2810 hic
562 2745 680 2810 nostris
696 2745 849 2810 successit
866 2746 994 2811 sedibus
1009 2747 1152 2832 hospes?
1262 2749 1308 2812 10

247 2847 387 2928 “Quem
403 2869 469 2912 sese
486 2869 539 2913 ore
554 2849 660 2913 ferens
676 2853 682 2915 l
709 2869 809 2932 quam
823 2849 900 2913 forti
915 2857 1044 2934 pectore
1060 2858 1093 2914 et
1108 2851 1206 2915 armis
1221 2856 1228 2918 1

247 2950 269 2984 “
282 2951 386 3018 Credo
401 2953 561 3037 equidem,
579 2975 639 3018 nec
654 2974 739 3017 vana
753 2953 844 3038 fides,
862 2975 964 3039 genus
979 2975 1046 3020 esse
1062 2954 1214 3022 deorum:

246 3057 465 3144 “Degeneres
480 3057 604 3122 animos
619 3058 718 3122 timor
733 3058 849 3144 arguit.
898 3058 987 3140 Heu,
1004 3059 1193 3150 quibusille

247 3161 269 3196 “
281 3162 437 3228 Jactatus
452 3163 529 3227 fatis
544 3168 550 3229 l
576 3184 659 3248 quae
675 3163 761 3226 bella
776 3163 936 3228 exhausta
952 3165 1090 3228 canebat
1105 3169 1112 3231 1
1412 3235 1413 3260 χ

246 3265 267 3300 “
282 3267 317 3334 Si
331 3267 414 3331 mihi
429 3287 494 3332 non
510 3266 618 3331 animo
633 3266 738 3330 fixum
752 3266 992 3351 immotumque
1008 3268 1143 3353 sederet,
1260 3271 1305 3336 15
1412 3263 1413 3344 ἶ

247 3370 335 3437 “Ne
351 3371 405 3437 cui
419 3393 472 3436 me
489 3371 593 3436 vinclo
608 3372 724 3436 vellem
742 3370 861 3436 sociare
874 3369 989 3455 jugali,
1196 3375 1199 3382 '

246 3474 464 3559 “Postquam
480 3474 604 3560 primus
620 3495 710 3538 amor
725 3475 897 3560 deceptam
912 3482 1015 3538 morte
1030 3473 1167 3561 fefellit,

246 3579 267 3612 “
281 3579 318 3647 Si
333 3601 398 3645 non
413 3587 599 3665 pertaesum
615 3580 755 3646 thalami
770 3581 949 3664 taedaeque
967 3579 1092 3664 fuisset,

246 3683 369 3749 “Huic
384 3684 443 3748 uni
457 3683 565 3749 forsan
579 3683 673 3769 potui
689 3685 897 3750 succumbere
914 3685 1037 3770 culpae.

247 3789 270 3824 “
283 3788 527 3855 Anna-fatebor
542 3790 657 3874 enim-,
674 3789 783 3854 miseri
798 3798 871 3874 post
886 3789 957 3854 fata
974 3790 1110 3874 Sychaei
1263 3791 1310 3855 20

246 3895 267 3928 “
280 3895 435 3980 Oonjugis
451 3903 484 3959 et
502 3916 627 3980 sparsos
642 3895 786 3960 fraterna
802 3895 899 3960 caede
916 3895 1070 3976 Penates,
