<?xml version="1.0" encoding="UTF-8"?>
<!DOCTYPE html PUBLIC "-//W3C//DTD XHTML 1.0 Transitional//EN"
    "http://www.w3.org/TR/xhtml1/DTD/xhtml1-transitional.dtd">
<html xmlns="http://www.w3.org/1999/xhtml" xml:lang="en" lang="en">
 <head>
  <title>
</title>
<meta http-equiv="Content-Type" content="text/html;charset=utf-8" />
  <meta name='ocr-system' content='tesseract 3.04.00' />
  <meta name='ocr-capabilities' content='ocr_page ocr_carea ocr_par ocr_line ocrx_word'/>
</head>
<body>
  <div class='ocr_page' id='page_1' title='image "./virgilsaeneidwi00virggoog_0120.png"; bbox 0 0 2898 4518; ppageno 0'>
   <div class='ocr_carea' id='block_1_1' title="bbox 255 307 945 374">
    <p class='ocr_par' dir='ltr' id='par_1_1' title="bbox 255 307 945 374">
     <span class='ocr_line' id='line_1_1' title="bbox 255 307 945 374; baseline -0.007 -1"><span class='ocrx_word' id='word_1_1' title='bbox 255 307 298 374; x_wconf 89' lang='grc'>96</span> <span class='ocrx_word' id='word_1_2' title='bbox 627 321 800 370; x_wconf 78' lang='lat' dir='ltr'>xuunmos</span> <span class='ocrx_word' id='word_1_3' title='bbox 822 323 888 370; x_wconf 78' lang='lat' dir='ltr'>urs.</span> <span class='ocrx_word' id='word_1_4' title='bbox 913 322 945 368; x_wconf 86' lang='lat' dir='ltr'>v.</span> 
     </span>
    </p>
   </div>
   <div class='ocr_carea' id='block_1_2' title="bbox 252 479 1322 1411">
    <p class='ocr_par' dir='ltr' id='par_1_2' title="bbox 260 479 1247 567">
     <span class='ocr_line' id='line_1_2' title="bbox 260 479 1247 567; baseline -0.002 -19"><span class='ocrx_word' id='word_1_5' title='bbox 260 482 392 548; x_wconf 89' lang='lat' dir='ltr'>“Haud</span> <span class='ocrx_word' id='word_1_6' title='bbox 409 482 563 567; x_wconf 81' lang='lat' dir='ltr'>equidem</span> <span class='ocrx_word' id='word_1_7' title='bbox 578 482 646 548; x_wconf 88' lang='lat' dir='ltr'>sine</span> <span class='ocrx_word' id='word_1_8' title='bbox 661 488 772 548; x_wconf 88' lang='lat' dir='ltr'>mente</span> <span class='ocrx_word' id='word_1_9' title='bbox 789 503 866 566; x_wconf 84' lang='lat' dir='ltr'>reor,</span> <span class='ocrx_word' id='word_1_10' title='bbox 884 481 952 546; x_wconf 90' lang='lat' dir='ltr'>sine</span> <span class='ocrx_word' id='word_1_11' title='bbox 967 479 1103 546; x_wconf 90' lang='lat' dir='ltr'>numine</span> <span class='ocrx_word' id='word_1_12' title='bbox 1119 481 1247 566; x_wconf 76' lang='lat' dir='ltr'>divum,</span> 
     </span>
    </p>

    <p class='ocr_par' dir='ltr' id='par_1_3' title="bbox 252 585 1101 672">
     <span class='ocr_line' id='line_1_3' title="bbox 252 585 1101 672; baseline -0.002 -18"><span class='ocrx_word' id='word_1_13' title='bbox 252 585 279 654; x_wconf 88' lang='lat'>.“</span> <span class='ocrx_word' id='word_1_14' title='bbox 290 586 470 670; x_wconf 80' lang='lat' dir='ltr'>Adeamus,</span> <span class='ocrx_word' id='word_1_15' title='bbox 487 594 521 652; x_wconf 90' lang='lat' dir='ltr'>et</span> <span class='ocrx_word' id='word_1_16' title='bbox 538 593 652 672; x_wconf 90' lang='lat' dir='ltr'>portus</span> <span class='ocrx_word' id='word_1_17' title='bbox 668 586 769 651; x_wconf 89' lang='lat' dir='ltr'>delati</span> <span class='ocrx_word' id='word_1_18' title='bbox 784 586 944 650; x_wconf 88' lang='lat' dir='ltr'>intramus</span> <span class='ocrx_word' id='word_1_19' title='bbox 960 585 1101 652; x_wconf 86' lang='lat' dir='ltr'>amicos:</span> 
     </span>
    </p>

    <p class='ocr_par' dir='ltr' id='par_1_4' title="bbox 259 691 1206 778">
     <span class='ocr_line' id='line_1_4' title="bbox 259 691 1206 778; baseline -0.001 -22"><span class='ocrx_word' id='word_1_20' title='bbox 259 692 380 778; x_wconf 85' lang='lat' dir='ltr'>“Ergo</span> <span class='ocrx_word' id='word_1_21' title='bbox 395 691 483 778; x_wconf 85' lang='lat' dir='ltr'>agite</span> <span class='ocrx_word' id='word_1_22' title='bbox 495 701 528 756; x_wconf 90' lang='lat' dir='ltr'>et</span> <span class='ocrx_word' id='word_1_23' title='bbox 543 693 671 758; x_wconf 87' lang='lat' dir='ltr'>laetum</span> <span class='ocrx_word' id='word_1_24' title='bbox 686 691 798 757; x_wconf 88' lang='lat' dir='ltr'>cuncti</span> <span class='ocrx_word' id='word_1_25' title='bbox 813 691 1011 756; x_wconf 85' lang='lat' dir='ltr'>celebremus</span> <span class='ocrx_word' id='word_1_26' title='bbox 1027 691 1181 756; x_wconf 84' lang='lat' dir='ltr'>honorem</span> <span class='ocrx_word' id='word_1_27' title='bbox 1197 713 1206 774; x_wconf 89' lang='lat'>;</span> 
     </span>
    </p>

    <p class='ocr_par' dir='ltr' id='par_1_5' title="bbox 258 795 1185 882">
     <span class='ocr_line' id='line_1_5' title="bbox 258 795 1185 882; baseline -0.001 -21"><span class='ocrx_word' id='word_1_28' title='bbox 258 795 280 829; x_wconf 87' lang='lat'><strong>“</strong></span> <span class='ocrx_word' id='word_1_29' title='bbox 293 797 468 862; x_wconf 90' lang='lat' dir='ltr'>Poscamus</span> <span class='ocrx_word' id='word_1_30' title='bbox 484 804 609 882; x_wconf 83' lang='lat' dir='ltr'>ventos,</span> <span class='ocrx_word' id='word_1_31' title='bbox 622 803 722 881; x_wconf 89' lang='lat' dir='ltr'>atque</span> <span class='ocrx_word' id='word_1_32' title='bbox 737 795 818 862; x_wconf 90' lang='lat' dir='ltr'>haec</span> <span class='ocrx_word' id='word_1_33' title='bbox 834 817 886 861; x_wconf 89' lang='lat' dir='ltr'>me</span> <span class='ocrx_word' id='word_1_34' title='bbox 902 817 992 862; x_wconf 88' lang='lat' dir='ltr'>sacra</span> <span class='ocrx_word' id='word_1_35' title='bbox 1009 795 1185 881; x_wconf 76' lang='lat' dir='ltr'>quotannis</span> 
     </span>
    </p>

    <p class='ocr_par' dir='ltr' id='par_1_6' title="bbox 258 901 1322 1093">
     <span class='ocr_line' id='line_1_6' title="bbox 259 901 1322 988; baseline -0.002 -21"><span class='ocrx_word' id='word_1_36' title='bbox 259 901 280 934; x_wconf 90' lang='lat'><strong>“</strong></span> <span class='ocrx_word' id='word_1_37' title='bbox 294 901 385 967; x_wconf 89' lang='lat' dir='ltr'>Urbe</span> <span class='ocrx_word' id='word_1_38' title='bbox 400 902 481 967; x_wconf 87' lang='lat' dir='ltr'>velit</span> <span class='ocrx_word' id='word_1_39' title='bbox 497 902 605 988; x_wconf 89' lang='lat' dir='ltr'>posita</span> <span class='ocrx_word' id='word_1_40' title='bbox 620 902 754 988; x_wconf 89' lang='lat' dir='ltr'>templis</span> <span class='ocrx_word' id='word_1_41' title='bbox 770 901 833 967; x_wconf 90' lang='lat' dir='ltr'>sibi</span> <span class='ocrx_word' id='word_1_42' title='bbox 847 901 930 966; x_wconf 87' lang='lat' dir='ltr'>ferre</span> <span class='ocrx_word' id='word_1_43' title='bbox 945 901 1072 968; x_wconf 85' lang='lat' dir='ltr'>dicatis.</span> <span class='ocrx_word' id='word_1_44' title='bbox 1279 903 1322 967; x_wconf 88' lang='grc'>60</span> 
     </span>
     <span class='ocr_line' id='line_1_7' title="bbox 258 1005 1054 1093; baseline 0.001 -22"><span class='ocrx_word' id='word_1_45' title='bbox 258 1005 281 1039; x_wconf 86' lang='grc'><strong>“</strong></span> <span class='ocrx_word' id='word_1_46' title='bbox 294 1007 380 1072; x_wconf 83' lang='lat' dir='ltr'>Bina</span> <span class='ocrx_word' id='word_1_47' title='bbox 393 1007 494 1072; x_wconf 90' lang='lat' dir='ltr'>boum</span> <span class='ocrx_word' id='word_1_48' title='bbox 508 1007 599 1073; x_wconf 87' lang='lat' dir='ltr'>vobis</span> <span class='ocrx_word' id='word_1_49' title='bbox 615 1006 713 1092; x_wconf 77' lang='lat' dir='ltr'>Troja</span> <span class='ocrx_word' id='word_1_50' title='bbox 728 1015 901 1093; x_wconf 88' lang='lat' dir='ltr'>generatus</span> <span class='ocrx_word' id='word_1_51' title='bbox 916 1007 1054 1072; x_wconf 87' lang='lat' dir='ltr'>Acestes</span> 
     </span>
    </p>

    <p class='ocr_par' dir='ltr' id='par_1_7' title="bbox 258 1113 1164 1199">
     <span class='ocr_line' id='line_1_8' title="bbox 258 1113 1164 1199; baseline 0 -21"><span class='ocrx_word' id='word_1_52' title='bbox 258 1113 279 1146; x_wconf 90' lang='lat'><strong>“</strong></span> <span class='ocrx_word' id='word_1_53' title='bbox 293 1113 363 1179; x_wconf 89' lang='lat' dir='ltr'>Dat</span> <span class='ocrx_word' id='word_1_54' title='bbox 379 1135 514 1180; x_wconf 91' lang='lat' dir='ltr'>numero</span> <span class='ocrx_word' id='word_1_55' title='bbox 528 1114 639 1199; x_wconf 90' lang='lat' dir='ltr'>capita</span> <span class='ocrx_word' id='word_1_56' title='bbox 654 1113 690 1178; x_wconf 94' lang='lat' dir='ltr'>in</span> <span class='ocrx_word' id='word_1_57' title='bbox 705 1135 825 1180; x_wconf 90' lang='lat' dir='ltr'>naves:</span> <span class='ocrx_word' id='word_1_58' title='bbox 850 1114 1005 1179; x_wconf 86' lang='lat' dir='ltr'>adhibete</span> <span class='ocrx_word' id='word_1_59' title='bbox 1022 1115 1164 1178; x_wconf 76' lang='lat' dir='ltr'>Penates</span> 
     </span>
    </p>

    <p class='ocr_par' dir='ltr' id='par_1_8' title="bbox 259 1211 1129 1306">
     <span class='ocr_line' id='line_1_9' title="bbox 259 1211 1129 1306; baseline 0 -21"><span class='ocrx_word' id='word_1_60' title='bbox 259 1219 340 1286; x_wconf 84' lang='lat' dir='ltr'>“Et</span> <span class='ocrx_word' id='word_1_61' title='bbox 355 1220 478 1306; x_wconf 89' lang='lat' dir='ltr'>patrios</span> <span class='ocrx_word' id='word_1_62' title='bbox 493 1211 599 1306; x_wconf 81' lang='lat' dir='ltr'>epulis</span> <span class='ocrx_word' id='word_1_63' title='bbox 614 1228 648 1285; x_wconf 93' lang='lat' dir='ltr'>et</span> <span class='ocrx_word' id='word_1_64' title='bbox 664 1242 744 1305; x_wconf 90' lang='lat' dir='ltr'>quos</span> <span class='ocrx_word' id='word_1_65' title='bbox 760 1220 837 1285; x_wconf 88' lang='lat' dir='ltr'>colit</span> <span class='ocrx_word' id='word_1_66' title='bbox 854 1220 969 1306; x_wconf 88' lang='lat' dir='ltr'>hospes</span> <span class='ocrx_word' id='word_1_67' title='bbox 985 1219 1129 1285; x_wconf 78' lang='lat' dir='ltr'>Acestes.</span> 
     </span>
    </p>

    <p class='ocr_par' dir='ltr' id='par_1_9' title="bbox 260 1323 1075 1411">
     <span class='ocr_line' id='line_1_10' title="bbox 260 1323 1075 1411; baseline -0.001 -21"><span class='ocrx_word' id='word_1_68' title='bbox 260 1323 283 1358; x_wconf 93' lang='lat'><strong>“</strong></span> <span class='ocrx_word' id='word_1_69' title='bbox 293 1325 475 1411; x_wconf 87' lang='lat' dir='ltr'>Praeterea,</span> <span class='ocrx_word' id='word_1_70' title='bbox 493 1325 521 1392; x_wconf 92' lang='lat' dir='ltr'>si</span> <span class='ocrx_word' id='word_1_71' title='bbox 536 1347 621 1391; x_wconf 90' lang='lat' dir='ltr'>nona</span> <span class='ocrx_word' id='word_1_72' title='bbox 636 1326 724 1391; x_wconf 91' lang='lat' dir='ltr'>diem</span> <span class='ocrx_word' id='word_1_73' title='bbox 739 1325 933 1390; x_wconf 85' lang='lat' dir='ltr'>mortalibus</span> <span class='ocrx_word' id='word_1_74' title='bbox 948 1325 1075 1390; x_wconf 89' lang='lat' dir='ltr'>almum</span> 
     </span>
    </p>
   </div>
   <div class='ocr_carea' id='block_1_3' title="bbox 259 1413 1435 1515">
    <p class='ocr_par' dir='ltr' id='par_1_10' title="bbox 259 1413 1435 1515">
     <span class='ocr_line' id='line_1_11' title="bbox 259 1413 1435 1515; baseline 0.007 -22"><span class='ocrx_word' id='word_1_75' title='bbox 259 1428 420 1495; x_wconf 88' lang='lat' dir='ltr'>“Aurora</span> <span class='ocrx_word' id='word_1_76' title='bbox 436 1430 591 1496; x_wconf 83' lang='lat' dir='ltr'>extulerit</span> <span class='ocrx_word' id='word_1_77' title='bbox 606 1429 771 1515; x_wconf 89' lang='lat' dir='ltr'>radiisque</span> <span class='ocrx_word' id='word_1_78' title='bbox 786 1429 941 1494; x_wconf 87' lang='lat' dir='ltr'>retexerit</span> <span class='ocrx_word' id='word_1_79' title='bbox 957 1429 1079 1513; x_wconf 88' lang='lat' dir='ltr'>orbem,</span> <span class='ocrx_word' id='word_1_80' title='bbox 1278 1429 1323 1494; x_wconf 81' lang='grc'>65</span> <span class='ocrx_word' id='word_1_81' title='bbox 1368 1501 1373 1514; x_wconf 66' lang='grc'><em>,</em></span> <span class='ocrx_word' id='word_1_82' title='bbox 1434 1413 1435 1478; x_wconf 55' lang='lat' dir='ltr'>l</span> 
     </span>
    </p>
   </div>
   <div class='ocr_carea' id='block_1_4' title="bbox 256 1532 1322 4029">
    <p class='ocr_par' dir='ltr' id='par_1_11' title="bbox 259 1532 1180 1726">
     <span class='ocr_line' id='line_1_12' title="bbox 259 1532 1138 1620; baseline -0.001 -21"><span class='ocrx_word' id='word_1_83' title='bbox 259 1533 406 1600; x_wconf 89' lang='lat' dir='ltr'>“Prima</span> <span class='ocrx_word' id='word_1_84' title='bbox 422 1534 507 1600; x_wconf 89' lang='lat' dir='ltr'>citae</span> <span class='ocrx_word' id='word_1_85' title='bbox 524 1534 657 1601; x_wconf 75' lang='lat' dir='ltr'>Teucris</span> <span class='ocrx_word' id='word_1_86' title='bbox 673 1555 794 1620; x_wconf 90' lang='lat' dir='ltr'>ponam</span> <span class='ocrx_word' id='word_1_87' title='bbox 810 1533 991 1598; x_wconf 89' lang='lat' dir='ltr'>certamina</span> <span class='ocrx_word' id='word_1_88' title='bbox 1005 1532 1138 1614; x_wconf 89' lang='lat' dir='ltr'>classis;</span> 
     </span>
     <span class='ocr_line' id='line_1_13' title="bbox 260 1636 1180 1726; baseline -0.003 -22"><span class='ocrx_word' id='word_1_89' title='bbox 260 1637 426 1724; x_wconf 80' lang='lat' dir='ltr'>“Quique</span> <span class='ocrx_word' id='word_1_90' title='bbox 441 1640 565 1726; x_wconf 89' lang='lat' dir='ltr'>pedum</span> <span class='ocrx_word' id='word_1_91' title='bbox 581 1660 677 1704; x_wconf 85' lang='lat' dir='ltr'>curru</span> <span class='ocrx_word' id='word_1_92' title='bbox 692 1638 791 1722; x_wconf 86' lang='lat' dir='ltr'>valet,</span> <span class='ocrx_word' id='word_1_93' title='bbox 807 1645 841 1702; x_wconf 88' lang='lat' dir='ltr'>et</span> <span class='ocrx_word' id='word_1_94' title='bbox 858 1638 916 1722; x_wconf 91' lang='lat' dir='ltr'>qui</span> <span class='ocrx_word' id='word_1_95' title='bbox 930 1636 1053 1703; x_wconf 88' lang='lat' dir='ltr'>viribus</span> <span class='ocrx_word' id='word_1_96' title='bbox 1068 1638 1180 1702; x_wconf 90' lang='lat' dir='ltr'>audax</span> 
     </span>
    </p>

    <p class='ocr_par' dir='ltr' id='par_1_12' title="bbox 260 1741 1124 1828">
     <span class='ocr_line' id='line_1_14' title="bbox 260 1741 1124 1828; baseline 0.001 -22"><span class='ocrx_word' id='word_1_97' title='bbox 260 1743 281 1775; x_wconf 86' lang='lat'><strong>“</strong></span> <span class='ocrx_word' id='word_1_98' title='bbox 294 1742 367 1808; x_wconf 83' lang='lat' dir='ltr'>Aut</span> <span class='ocrx_word' id='word_1_99' title='bbox 379 1742 489 1828; x_wconf 90' lang='lat' dir='ltr'>jaculo</span> <span class='ocrx_word' id='word_1_100' title='bbox 504 1743 629 1808; x_wconf 89' lang='lat' dir='ltr'>incedit</span> <span class='ocrx_word' id='word_1_101' title='bbox 645 1742 758 1808; x_wconf 90' lang='lat' dir='ltr'>melior</span> <span class='ocrx_word' id='word_1_102' title='bbox 772 1742 963 1826; x_wconf 88' lang='lat' dir='ltr'>levibusque</span> <span class='ocrx_word' id='word_1_103' title='bbox 981 1741 1124 1827; x_wconf 85' lang='lat' dir='ltr'>sagittis,</span> 
     </span>
    </p>

    <p class='ocr_par' dir='ltr' id='par_1_13' title="bbox 260 1835 1072 1934">
     <span class='ocr_line' id='line_1_15' title="bbox 260 1835 1072 1934; baseline 0.001 -21"><span class='ocrx_word' id='word_1_104' title='bbox 260 1846 280 1879; x_wconf 88' lang='lat'><strong>“</strong></span> <span class='ocrx_word' id='word_1_105' title='bbox 295 1848 361 1914; x_wconf 81' lang='lat' dir='ltr'>Seu</span> <span class='ocrx_word' id='word_1_106' title='bbox 376 1835 478 1913; x_wconf 83' lang='lat' dir='ltr'>crudo</span> <span class='ocrx_word' id='word_1_107' title='bbox 490 1849 563 1913; x_wconf 89' lang='lat' dir='ltr'>fidit</span> <span class='ocrx_word' id='word_1_108' title='bbox 579 1869 725 1934; x_wconf 85' lang='lat' dir='ltr'>pugnam</span> <span class='ocrx_word' id='word_1_109' title='bbox 741 1847 945 1912; x_wconf 85' lang='lat' dir='ltr'>committere</span> <span class='ocrx_word' id='word_1_110' title='bbox 961 1854 1072 1914; x_wconf 86' lang='lat' dir='ltr'>cestu:</span> 
     </span>
    </p>

    <p class='ocr_par' dir='ltr' id='par_1_14' title="bbox 259 1947 1322 2144">
     <span class='ocr_line' id='line_1_16' title="bbox 260 1947 1322 2038; baseline -0.005 -18"><span class='ocrx_word' id='word_1_111' title='bbox 260 1952 282 1987; x_wconf 87' lang='lat'>“</span> <span class='ocrx_word' id='word_1_112' title='bbox 293 1953 415 2021; x_wconf 76' lang='lat' dir='ltr'>Cuncti</span> <span class='ocrx_word' id='word_1_113' title='bbox 426 1954 548 2038; x_wconf 85' lang='lat' dir='ltr'>adsint,</span> <span class='ocrx_word' id='word_1_114' title='bbox 559 1952 758 2037; x_wconf 87' lang='lat' dir='ltr'>meritaeque</span> <span class='ocrx_word' id='word_1_115' title='bbox 770 1959 960 2038; x_wconf 87' lang='lat' dir='ltr'>exspectent</span> <span class='ocrx_word' id='word_1_116' title='bbox 970 1951 1113 2037; x_wconf 86' lang='lat' dir='ltr'>praemia</span> <span class='ocrx_word' id='word_1_117' title='bbox 1124 1951 1265 2037; x_wconf 88' lang='lat' dir='ltr'>palmae.</span> <span class='ocrx_word' id='word_1_118' title='bbox 1278 1947 1322 2018; x_wconf 79' lang='lat'>70</span> 
     </span>
     <span class='ocr_line' id='line_1_17' title="bbox 259 2057 1109 2144; baseline -0.006 -18"><span class='ocrx_word' id='word_1_119' title='bbox 259 2060 281 2094; x_wconf 86' lang='lat'><strong>“</strong></span> <span class='ocrx_word' id='word_1_120' title='bbox 296 2058 360 2126; x_wconf 90' lang='lat' dir='ltr'>Ore</span> <span class='ocrx_word' id='word_1_121' title='bbox 374 2059 484 2124; x_wconf 80' lang='lat' dir='ltr'>¹favete</span> <span class='ocrx_word' id='word_1_122' title='bbox 500 2079 611 2124; x_wconf 88' lang='lat' dir='ltr'>omnes</span> <span class='ocrx_word' id='word_1_123' title='bbox 626 2064 660 2123; x_wconf 91' lang='lat' dir='ltr'>et</span> <span class='ocrx_word' id='word_1_124' title='bbox 677 2057 798 2144; x_wconf 84' lang='lat' dir='ltr'>cingite</span> <span class='ocrx_word' id='word_1_125' title='bbox 814 2065 964 2142; x_wconf 90' lang='lat' dir='ltr'>tempora</span> <span class='ocrx_word' id='word_1_126' title='bbox 981 2057 1109 2123; x_wconf 86' lang='lat' dir='ltr'>ramis.”</span> 
     </span>
    </p>

    <p class='ocr_par' dir='ltr' id='par_1_15' title="bbox 260 2156 992 2249">
     <span class='ocr_line' id='line_1_18' title="bbox 260 2156 992 2249; baseline -0.005 -18"><span class='ocrx_word' id='word_1_127' title='bbox 260 2165 313 2233; x_wconf 83' lang='lat' dir='ltr'>Sic</span> <span class='ocrx_word' id='word_1_128' title='bbox 328 2164 430 2249; x_wconf 88' lang='lat' dir='ltr'>fatus,</span> <span class='ocrx_word' id='word_1_129' title='bbox 448 2164 535 2228; x_wconf 88' lang='lat' dir='ltr'>velat</span> <span class='ocrx_word' id='word_1_130' title='bbox 550 2170 698 2228; x_wconf 87' lang='lat' dir='ltr'>materna</span> <span class='ocrx_word' id='word_1_131' title='bbox 713 2156 863 2248; x_wconf 80' lang='lat' dir='ltr'>tempora</span> <span class='ocrx_word' id='word_1_132' title='bbox 878 2170 992 2246; x_wconf 89' lang='lat' dir='ltr'>myrto.</span> 
     </span>
    </p>

    <p class='ocr_par' dir='ltr' id='par_1_16' title="bbox 258 2265 1107 2354">
     <span class='ocr_line' id='line_1_19' title="bbox 258 2265 1107 2354; baseline -0.005 -19"><span class='ocrx_word' id='word_1_133' title='bbox 258 2269 332 2336; x_wconf 88' lang='lat' dir='ltr'>Hoc</span> <span class='ocrx_word' id='word_1_134' title='bbox 348 2268 510 2354; x_wconf 84' lang='lat' dir='ltr'>Helymus</span> <span class='ocrx_word' id='word_1_135' title='bbox 524 2267 614 2352; x_wconf 85' lang='lat' dir='ltr'>facit,</span> <span class='ocrx_word' id='word_1_136' title='bbox 631 2268 691 2334; x_wconf 89' lang='lat' dir='ltr'>hoo</span> <span class='ocrx_word' id='word_1_137' title='bbox 709 2267 780 2332; x_wconf 88' lang='lat' dir='ltr'>aevi</span> <span class='ocrx_word' id='word_1_138' title='bbox 796 2274 943 2332; x_wconf 88' lang='lat' dir='ltr'>maturus</span> <span class='ocrx_word' id='word_1_139' title='bbox 959 2265 1107 2350; x_wconf 87' lang='lat' dir='ltr'>Acestes,</span> 
     </span>
    </p>

    <p class='ocr_par' dir='ltr' id='par_1_17' title="bbox 259 2372 1129 2462">
     <span class='ocr_line' id='line_1_20' title="bbox 259 2372 1129 2462; baseline -0.003 -22"><span class='ocrx_word' id='word_1_140' title='bbox 259 2374 332 2440; x_wconf 89' lang='lat' dir='ltr'>Hoc</span> <span class='ocrx_word' id='word_1_141' title='bbox 347 2397 429 2460; x_wconf 90' lang='lat' dir='ltr'>puer</span> <span class='ocrx_word' id='word_1_142' title='bbox 444 2374 619 2456; x_wconf 85' lang='lat' dir='ltr'>Ascanius,</span> <span class='ocrx_word' id='word_1_143' title='bbox 637 2373 783 2462; x_wconf 85' lang='lat' dir='ltr'>sequitur</span> <span class='ocrx_word' id='word_1_144' title='bbox 799 2393 879 2456; x_wconf 90' lang='lat' dir='ltr'>quos</span> <span class='ocrx_word' id='word_1_145' title='bbox 895 2378 1003 2436; x_wconf 88' lang='lat' dir='ltr'>cetera</span> <span class='ocrx_word' id='word_1_146' title='bbox 1018 2372 1129 2458; x_wconf 88' lang='lat' dir='ltr'>pubes.</span> 
     </span>
    </p>

    <p class='ocr_par' dir='ltr' id='par_1_18' title="bbox 256 2472 1320 2668">
     <span class='ocr_line' id='line_1_21' title="bbox 259 2472 1320 2546; baseline -0.002 -2"><span class='ocrx_word' id='word_1_147' title='bbox 259 2481 321 2545; x_wconf 93' lang='lat' dir='ltr'>Ille</span> <span class='ocrx_word' id='word_1_148' title='bbox 338 2501 355 2546; x_wconf 91' lang='lat' dir='ltr'>e</span> <span class='ocrx_word' id='word_1_149' title='bbox 371 2480 507 2546; x_wconf 89' lang='lat' dir='ltr'>concilio</span> <span class='ocrx_word' id='word_1_150' title='bbox 523 2477 637 2544; x_wconf 89' lang='lat' dir='ltr'>multis</span> <span class='ocrx_word' id='word_1_151' title='bbox 653 2498 730 2543; x_wconf 92' lang='lat' dir='ltr'>oum</span> <span class='ocrx_word' id='word_1_152' title='bbox 745 2476 893 2542; x_wconf 91' lang='lat' dir='ltr'>millibus</span> <span class='ocrx_word' id='word_1_153' title='bbox 908 2477 980 2542; x_wconf 88' lang='lat' dir='ltr'>ibat</span> <span class='ocrx_word' id='word_1_154' title='bbox 1279 2472 1320 2543; x_wconf 80' lang='lat'>75</span> 
     </span>
     <span class='ocr_line' id='line_1_22' title="bbox 256 2577 1175 2668; baseline -0.003 -19"><span class='ocrx_word' id='word_1_155' title='bbox 256 2584 314 2652; x_wconf 71' lang='lat' dir='ltr'>&#39;Ad</span> <span class='ocrx_word' id='word_1_156' title='bbox 328 2585 505 2651; x_wconf 90' lang='lat' dir='ltr'>tumulum.</span> <span class='ocrx_word' id='word_1_157' title='bbox 525 2603 645 2668; x_wconf 84' lang='lat' dir='ltr'>magna</span> <span class='ocrx_word' id='word_1_158' title='bbox 660 2581 787 2648; x_wconf 88' lang='lat' dir='ltr'>medius</span> <span class='ocrx_word' id='word_1_159' title='bbox 803 2581 982 2649; x_wconf 88' lang='lat' dir='ltr'>comitante</span> <span class='ocrx_word' id='word_1_160' title='bbox 998 2588 1136 2649; x_wconf 88' lang='lat' dir='ltr'>caterva.</span> <span class='ocrx_word' id='word_1_161' title='bbox 1172 2577 1175 2582; x_wconf 73' lang='grc'><strong>’</strong></span> 
     </span>
    </p>

    <p class='ocr_par' dir='ltr' id='par_1_19' title="bbox 259 2686 1030 2754">
     <span class='ocr_line' id='line_1_23' title="bbox 259 2686 1030 2754; baseline -0.005 0"><span class='ocrx_word' id='word_1_162' title='bbox 259 2689 322 2754; x_wconf 92' lang='lat' dir='ltr'>Hic</span> <span class='ocrx_word' id='word_1_163' title='bbox 339 2690 403 2754; x_wconf 90' lang='lat' dir='ltr'>duo</span> <span class='ocrx_word' id='word_1_164' title='bbox 418 2688 480 2754; x_wconf 91' lang='lat' dir='ltr'>rite</span> <span class='ocrx_word' id='word_1_165' title='bbox 498 2709 587 2752; x_wconf 90' lang='lat' dir='ltr'>mero</span> <span class='ocrx_word' id='word_1_166' title='bbox 601 2687 708 2754; x_wconf 91' lang='lat' dir='ltr'>libans</span> <span class='ocrx_word' id='word_1_167' title='bbox 723 2687 884 2753; x_wconf 88' lang='lat' dir='ltr'>carchesia</span> <span class='ocrx_word' id='word_1_168' title='bbox 901 2686 1030 2752; x_wconf 87' lang='lat' dir='ltr'>Baccho</span> 
     </span>
    </p>

    <p class='ocr_par' dir='ltr' id='par_1_20' title="bbox 257 2791 1169 2984">
     <span class='ocr_line' id='line_1_24' title="bbox 257 2791 1169 2878; baseline -0.007 -18"><span class='ocrx_word' id='word_1_169' title='bbox 257 2795 385 2860; x_wconf 85' lang='lat' dir='ltr'>Fundit</span> <span class='ocrx_word' id='word_1_170' title='bbox 400 2794 505 2878; x_wconf 86' lang='lat' dir='ltr'>humi,</span> <span class='ocrx_word' id='word_1_171' title='bbox 522 2796 589 2860; x_wconf 91' lang='lat' dir='ltr'>duo</span> <span class='ocrx_word' id='word_1_172' title='bbox 603 2795 689 2860; x_wconf 87' lang='lat' dir='ltr'>lacte</span> <span class='ocrx_word' id='word_1_173' title='bbox 704 2815 798 2877; x_wconf 72' lang='lat' dir='ltr'>ncnc,</span> <span class='ocrx_word' id='word_1_174' title='bbox 815 2793 879 2858; x_wconf 90' lang='lat' dir='ltr'>duo</span> <span class='ocrx_word' id='word_1_175' title='bbox 895 2791 1053 2876; x_wconf 86' lang='lat' dir='ltr'>sanguine</span> <span class='ocrx_word' id='word_1_176' title='bbox 1069 2811 1169 2873; x_wconf 88' lang='lat' dir='ltr'>sacro,</span> 
     </span>
     <span class='ocr_line' id='line_1_25' title="bbox 258 2884 1049 2984; baseline 0 -21"><span class='ocrx_word' id='word_1_177' title='bbox 258 2884 509 2984; x_wconf 87' lang='lat' dir='ltr'>Purpureosque</span> <span class='ocrx_word' id='word_1_178' title='bbox 521 2897 603 2984; x_wconf 90' lang='lat' dir='ltr'>jacit</span> <span class='ocrx_word' id='word_1_179' title='bbox 619 2897 723 2983; x_wconf 85' lang='lat' dir='ltr'>flores,</span> <span class='ocrx_word' id='word_1_180' title='bbox 741 2919 779 2962; x_wconf 93' lang='lat' dir='ltr'>ao</span> <span class='ocrx_word' id='word_1_181' title='bbox 795 2897 876 2964; x_wconf 86' lang='lat' dir='ltr'>talia</span> <span class='ocrx_word' id='word_1_182' title='bbox 891 2897 997 2964; x_wconf 83' lang='lat' dir='ltr'>fatur:</span> <span class='ocrx_word' id='word_1_183' title='bbox 1047 2929 1049 2934; x_wconf 96' lang='lat'>·</span> 
     </span>
    </p>

    <p class='ocr_par' dir='ltr' id='par_1_21' title="bbox 258 2999 1317 3298">
     <span class='ocr_line' id='line_1_26' title="bbox 259 2999 1317 3089; baseline -0.009 -19"><span class='ocrx_word' id='word_1_184' title='bbox 259 3002 280 3035; x_wconf 89' lang='lat'>“</span> <span class='ocrx_word' id='word_1_185' title='bbox 295 3002 402 3087; x_wconf 82' lang='lat' dir='ltr'>Salve,</span> <span class='ocrx_word' id='word_1_186' title='bbox 419 3011 531 3068; x_wconf 89' lang='lat' dir='ltr'>sancte</span> <span class='ocrx_word' id='word_1_187' title='bbox 547 3025 682 3089; x_wconf 89' lang='lat' dir='ltr'>parens;</span> <span class='ocrx_word' id='word_1_188' title='bbox 706 3002 826 3068; x_wconf 88' lang='lat' dir='ltr'>iterum</span> <span class='ocrx_word' id='word_1_189' title='bbox 842 3004 975 3086; x_wconf 82' lang='lat' dir='ltr'>salvete,</span> <span class='ocrx_word' id='word_1_190' title='bbox 994 2999 1116 3087; x_wconf 86' lang='lat' dir='ltr'>recepti</span> <span class='ocrx_word' id='word_1_191' title='bbox 1276 2999 1317 3062; x_wconf 88' lang='lat'>80</span> 
     </span>
     <span class='ocr_line' id='line_1_27' title="bbox 259 3101 1282 3193; baseline 0 -21"><span class='ocrx_word' id='word_1_192' title='bbox 259 3106 531 3192; x_wconf 89' lang='lat' dir='ltr'>“Nequidquam</span> <span class='ocrx_word' id='word_1_193' title='bbox 547 3101 667 3173; x_wconf 88' lang='lat' dir='ltr'>eineres</span> <span class='ocrx_word' id='word_1_194' title='bbox 682 3107 873 3193; x_wconf 88' lang='lat' dir='ltr'>animaeque</span> <span class='ocrx_word' id='word_1_195' title='bbox 889 3108 1087 3191; x_wconf 87' lang='lat' dir='ltr'>umbraeque</span> <span class='ocrx_word' id='word_1_196' title='bbox 1103 3109 1282 3191; x_wconf 88' lang='lat' dir='ltr'>paternae!</span> 
     </span>
     <span class='ocr_line' id='line_1_28' title="bbox 258 3211 997 3298; baseline -0.001 -21"><span class='ocrx_word' id='word_1_197' title='bbox 258 3213 279 3245; x_wconf 88' lang='lat'><strong>“</strong></span> <span class='ocrx_word' id='word_1_198' title='bbox 292 3213 368 3278; x_wconf 87' lang='lat' dir='ltr'>Non</span> <span class='ocrx_word' id='word_1_199' title='bbox 383 3211 480 3278; x_wconf 87' lang='lat' dir='ltr'>licuit</span> <span class='ocrx_word' id='word_1_200' title='bbox 496 3213 577 3277; x_wconf 91' lang='lat' dir='ltr'>fines</span> <span class='ocrx_word' id='word_1_201' title='bbox 594 3212 699 3278; x_wconf 90' lang='lat' dir='ltr'>Italos</span> <span class='ocrx_word' id='word_1_202' title='bbox 713 3211 893 3298; x_wconf 85' lang='lat' dir='ltr'>fataliaque</span> <span class='ocrx_word' id='word_1_203' title='bbox 909 3234 997 3296; x_wconf 89' lang='lat' dir='ltr'>arva,</span> 
     </span>
    </p>

    <p class='ocr_par' dir='ltr' id='par_1_22' title="bbox 256 3314 1315 3819">
     <span class='ocr_line' id='line_1_29' title="bbox 258 3314 1315 3402; baseline -0.008 -18"><span class='ocrx_word' id='word_1_204' title='bbox 258 3317 279 3350; x_wconf 86' lang='lat'><strong>“</strong></span> <span class='ocrx_word' id='word_1_205' title='bbox 287 3318 358 3384; x_wconf 87' lang='lat' dir='ltr'>Neo</span> <span class='ocrx_word' id='word_1_206' title='bbox 369 3325 481 3382; x_wconf 87' lang='lat' dir='ltr'>tecum</span> <span class='ocrx_word' id='word_1_207' title='bbox 488 3316 683 3402; x_wconf 86' lang='lat' dir='ltr'>Ausonium,</span> <span class='ocrx_word' id='word_1_208' title='bbox 691 3317 889 3402; x_wconf 90' lang='lat' dir='ltr'>quicumque</span> <span class='ocrx_word' id='word_1_209' title='bbox 900 3323 960 3400; x_wconf 86' lang='lat' dir='ltr'>est,</span> <span class='ocrx_word' id='word_1_210' title='bbox 967 3314 1315 3401; x_wconf 82' lang='lat' dir='ltr'>quaerereTbyb1·im.’&#39;</span> 
     </span>
     <span class='ocr_line' id='line_1_30' title="bbox 258 3409 1290 3508; baseline -0.007 -18"><span class='ocrx_word' id='word_1_211' title='bbox 258 3423 397 3490; x_wconf 85' lang='lat' dir='ltr'>Dixerat</span> <span class='ocrx_word' id='word_1_212' title='bbox 413 3423 505 3506; x_wconf 84' lang='lat' dir='ltr'>baec,</span> <span class='ocrx_word' id='word_1_213' title='bbox 522 3421 632 3508; x_wconf 90' lang='lat' dir='ltr'>adytis</span> <span class='ocrx_word' id='word_1_214' title='bbox 647 3443 751 3506; x_wconf 89' lang='lat' dir='ltr'>quum</span> <span class='ocrx_word' id='word_1_215' title='bbox 764 3421 907 3487; x_wconf 87' lang='lat' dir='ltr'>lubricus</span> <span class='ocrx_word' id='word_1_216' title='bbox 923 3421 1039 3506; x_wconf 87' lang='lat' dir='ltr'>anguis</span> <span class='ocrx_word' id='word_1_217' title='bbox 1054 3420 1095 3484; x_wconf 87' lang='lat' dir='ltr'>ab</span> <span class='ocrx_word' id='word_1_218' title='bbox 1105 3419 1187 3484; x_wconf 82' lang='lat' dir='ltr'>imis</span> <span class='ocrx_word' id='word_1_219' title='bbox 1210 3409 1217 3423; x_wconf 79' lang='grc'><strong>’</strong></span> <span class='ocrx_word' id='word_1_220' title='bbox 1284 3475 1290 3490; x_wconf 90' lang='grc'>,</span> 
     </span>
     <span class='ocr_line' id='line_1_31' title="bbox 258 3524 1314 3612; baseline -0.008 -18"><span class='ocrx_word' id='word_1_221' title='bbox 258 3528 392 3612; x_wconf 82' lang='lat' dir='ltr'>Septem</span> <span class='ocrx_word' id='word_1_222' title='bbox 410 3526 524 3611; x_wconf 89' lang='lat' dir='ltr'>ingens</span> <span class='ocrx_word' id='word_1_223' title='bbox 539 3547 643 3612; x_wconf 85' lang='lat' dir='ltr'>gyros,</span> <span class='ocrx_word' id='word_1_224' title='bbox 661 3533 797 3610; x_wconf 88' lang='lat' dir='ltr'>septena</span> <span class='ocrx_word' id='word_1_225' title='bbox 811 3524 979 3590; x_wconf 85' lang='lat' dir='ltr'>volumina</span> <span class='ocrx_word' id='word_1_226' title='bbox 994 3524 1107 3606; x_wconf 83' lang='lat' dir='ltr'>traxit,</span> <span class='ocrx_word' id='word_1_227' title='bbox 1275 3524 1314 3587; x_wconf 83' lang='lat'>85</span> 
     </span>
     <span class='ocr_line' id='line_1_32' title="bbox 256 3629 1140 3718; baseline -0.003 -21"><span class='ocrx_word' id='word_1_228' title='bbox 256 3631 443 3718; x_wconf 87' lang='lat' dir='ltr'>Amplexus</span> <span class='ocrx_word' id='word_1_229' title='bbox 459 3630 585 3716; x_wconf 89' lang='lat' dir='ltr'>placide</span> <span class='ocrx_word' id='word_1_230' title='bbox 600 3629 777 3712; x_wconf 87' lang='lat' dir='ltr'>tumulum,</span> <span class='ocrx_word' id='word_1_231' title='bbox 794 3629 972 3714; x_wconf 88' lang='lat' dir='ltr'>lapsusque</span> <span class='ocrx_word' id='word_1_232' title='bbox 986 3649 1044 3714; x_wconf 90' lang='lat' dir='ltr'>per</span> <span class='ocrx_word' id='word_1_233' title='bbox 1058 3650 1140 3713; x_wconf 89' lang='lat' dir='ltr'>aras,</span> 
     </span>
     <span class='ocr_line' id='line_1_33' title="bbox 257 3731 1085 3819; baseline -0.005 -17"><span class='ocrx_word' id='word_1_234' title='bbox 257 3731 436 3802; x_wconf 82' lang='lat' dir='ltr'>Caeml&#39;eae</span> <span class='ocrx_word' id='word_1_235' title='bbox 453 3733 508 3800; x_wconf 91' lang='lat' dir='ltr'>cui</span> <span class='ocrx_word' id='word_1_236' title='bbox 522 3741 615 3819; x_wconf 89' lang='lat' dir='ltr'>terga</span> <span class='ocrx_word' id='word_1_237' title='bbox 630 3740 739 3817; x_wconf 88' lang='lat' dir='ltr'>notae,</span> <span class='ocrx_word' id='word_1_238' title='bbox 757 3734 940 3798; x_wconf 89' lang='lat' dir='ltr'>maculosus</span> <span class='ocrx_word' id='word_1_239' title='bbox 957 3741 991 3798; x_wconf 87' lang='lat' dir='ltr'>et</span> <span class='ocrx_word' id='word_1_240' title='bbox 1007 3755 1085 3798; x_wconf 88' lang='lat' dir='ltr'>auro</span> 
     </span>
    </p>

    <p class='ocr_par' dir='ltr' id='par_1_23' title="bbox 258 3837 1126 3928">
     <span class='ocr_line' id='line_1_34' title="bbox 258 3837 1126 3928; baseline -0.007 -18"><span class='ocrx_word' id='word_1_241' title='bbox 258 3842 440 3928; x_wconf 82' lang='lat' dir='ltr'>Squamam</span> <span class='ocrx_word' id='word_1_242' title='bbox 455 3839 650 3904; x_wconf 88' lang='lat' dir='ltr'>incendebat</span> <span class='ocrx_word' id='word_1_243' title='bbox 664 3838 779 3924; x_wconf 82' lang='lat' dir='ltr'>fulgor,</span> <span class='ocrx_word' id='word_1_244' title='bbox 797 3859 857 3904; x_wconf 88' lang='lat' dir='ltr'>ceu</span> <span class='ocrx_word' id='word_1_245' title='bbox 871 3837 1014 3906; x_wconf 90' lang='lat' dir='ltr'>nubibus</span> <span class='ocrx_word' id='word_1_246' title='bbox 1032 3859 1126 3904; x_wconf 88' lang='lat' dir='ltr'>arcus</span> 
     </span>
    </p>

    <p class='ocr_par' dir='ltr' id='par_1_24' title="bbox 257 3942 936 4029">
     <span class='ocr_line' id='line_1_35' title="bbox 257 3942 936 4029; baseline -0.003 -18"><span class='ocrx_word' id='word_1_247' title='bbox 257 3945 351 4011; x_wconf 88' lang='lat' dir='ltr'>Mille</span> <span class='ocrx_word' id='word_1_248' title='bbox 363 3943 446 4029; x_wconf 85' lang='lat' dir='ltr'>jacit</span> <span class='ocrx_word' id='word_1_249' title='bbox 461 3942 565 4008; x_wconf 85' lang='lat' dir='ltr'>varios</span> <span class='ocrx_word' id='word_1_250' title='bbox 580 3942 713 4008; x_wconf 85' lang='lat' dir='ltr'>adverso</span> <span class='ocrx_word' id='word_1_251' title='bbox 729 3943 793 4008; x_wconf 90' lang='lat' dir='ltr'>sole</span> <span class='ocrx_word' id='word_1_252' title='bbox 808 3943 936 4010; x_wconf 89' lang='lat' dir='ltr'>colores.</span> 
     </span>
    </p>
   </div>
   <div class='ocr_carea' id='block_1_5' title="bbox 0 0 1454 4518">
    <p class='ocr_par' dir='ltr' id='par_1_25' title="bbox 0 0 1454 4518">
     <span class='ocr_line' id='line_1_36' title="bbox 0 0 1454 4518; baseline 0 0"><span class='ocrx_word' id='word_1_253' title='bbox 0 0 1454 4518; x_wconf 95' lang='lat' dir='ltr'> </span> 
     </span>
    </p>
   </div>
  </div>
 </body>
</html>
