2838 4522
503 321 675 370 Auuamos
698 321 763 370 LIB.
789 321 812 370 1.

116 486 285 554 “Oenotri
300 486 430 551 coluere
446 482 526 565 riri;
550 504 637 548 nunc
652 481 754 566 fama,
770 481 911 548 minores

120 591 139 622 “
150 591 290 655 Italiam
305 589 426 655 dixisse
442 587 535 654 ducis
551 589 591 652 de
606 587 736 652 nomine
752 594 914 672 gentem-z

119 694 217 761 “Hic
233 717 351 760 cursus
366 694 443 778 suit,

117 800 263 882 “Quum
280 799 391 866 subito
407 819 579 884 assurgens
595 798 701 863 fluctu
715 798 884 863 nimbosus
903 797 1004 864 Orion
1117 798 1182 863 535

117 907 136 939 “
146 908 188 971 In
205 908 295 972 rada
310 927 407 971 caeca
423 904 513 989 tulit,
530 903 729 990 penitusque
744 902 936 988 procacibus
951 901 1084 968 Austris

117 1011 283 1097 “Perque
299 1011 416 1096 undas,
435 1017 610 1095 superante
627 1009 704 1092 salo,
722 1029 844 1094 perque
859 1008 947 1072 invia
963 1029 1043 1074 saxa

118 1115 137 1146 “
150 1115 329 1201 Dispulit:
354 1115 420 1179 huc
436 1113 535 1199 pauci
550 1113 666 1178 vostris
682 1109 876 1177 adnavimus
892 1109 983 1209 oris,l
1003 1131 1011 1147 ’
1048 1109 1185 1196 [morem

19 1233 21 1238 '
119 1219 248 1303 “Quod
264 1241 369 1306 genus
390 1219 451 1286 1100
474 1217 672 1284 hominum?
697 1239 821 1302 quaeve
844 1217 932 1282 huuc
946 1225 1026 1283 'tam
1047 1217 1185 1282 barbara

100 1325 138 1357 '“
152 1326 328 1390 Permittit
343 1324 474 1410 patriai
499 1322 651 1410 Hospitio
666 1323 876 1408 prohibemur
891 1344 1025 1427 areqae3
1118 1322 1185 1390 540

120 1429 249 1495 “Bella
266 1429 365 1513 cient,
383 1423 552 1514 primaque
569 1435 684 1492 vetant
701 1429 874 1493 consistere
890 1435 995 1496 terrai

120 1534 140 1566 “
155 1536 190 1601 Si
206 1556 312 1621 genus
321 1534 512 1598 'humanum
527 1541 561 1597 et
573 1533 726 1598 mortalia
741 1533 888 1598 temnitis
902 1555 1004 1623 arma,

121 1639 204 1706 “At
221 1648 351 1732 sperate
367 1641 443 1706 deos
458 1660 615 1704 memores
632 1639 725 1704 fandi
740 1647 841 1724 atque
857 1639 995 1705 nefandi.

122 1744 313 1810 ι(1101101111
329 1745 460 1810 Aeneas
472 1745 576 1829 nobis,
593 1765 658 1830 quo
669 1744 787 1830 justior
802 1745 894 1829 alter,

123 1850 224 1920 “Nec
236 1851 361 1938 pietate
376 1850 442 1916 fuit
455 1872 514 1916 nec
530 1851 615 1916 bello
630 1851 733 1937 major
743 1858 777 1916 et
793 1850 914 1918 armis:
1119 1847 1184 1917 545

124 1953 143 1986 “
154 1957 262 2037 Quem
277 1956 305 2021 si
318 1955 390 2021 fata
404 1956 512 2021 virum
527 1963 667 2039 servant,
685 1957 712 2021 si
727 1957 869 2022 vescitur
884 1931 963 2020 aura

125 2059 144 2091 “
154 2043 315 2126 Aetheriii
329 2082 435 2146 neque
450 2062 556 2128 adhuc
573 2062 761 2126 crudelibus
776 2061 915 2126 occubat
931 2060 1076 2141 umbris3

124 2165 232 2232 “Non
246 2173 366 2251 metus,
384 2166 488 2231 officio
500 2189 559 2231 nec
576 2175 609 2231 te
626 2173 765 2231 certasse
782 2164 917 2250 priorem

126 2248 146 2304 ‘¹‘
159 2271 341 2339 Poeniteat.
390 2272 476 2339 Sunt
492 2279 525 2337 et
540 2272 658 2338 Siculis
671 2270 859 2355 regionibus
874 2269 970 2335 urbes

126 2378 146 2410 “
158 2380 325 2464 Arvaque,
344 2378 547 2464 Trojanoque
564 2377 755 2464 asanguine
767 2377 875 2441 clarus
890 2375 1035 2442 Acestes.
1120 2375 1186 2441 550

126 2481 359 2566 “Quassatam
376 2483 482 2548 ventis
497 2483 595 2548 liceat
612 2483 789 2547 subducere
806 2482 953 2565 classem,

127 2589 205 2655 “Et
222 2589 311 2654 silvis
327 2597 441 2674 aptare
457 2588 564 2653 trabes
580 2595 614 2653 et
630 2589 787 2673 stringere
803 2608 924 2653 remos:

127 2693 147 2726 “
159 2695 194 2762 Si
212 2697 309 2760 datur
324 2695 462 2760 Italiam
477 2692 570 2758 sociis
586 2701 619 2758 et
636 2715 708 2778 rege
724 2700 854 2778 recepto

127 2799 146 2831 “
162 2800 322 2884 Tendere,
340 2807 380 2865 ut
397 2798 533 2864 Italiam
547 2797 629 2862 laeti
643 2797 846 2882 Latiumque
862 2803 1013 2882 petamus
1027 2815 1037 2878 ;

127 2902 147 2935 “
160 2905 221 2972 Sin
235 2905 389 2970 absumta
405 2904 504 2987 salus,
521 2910 554 2967 et
571 2909 615 2987 te,
632 2909 727 2987 pater
742 2901 865 2986 optime
883 2899 1058 2984 Teucrum,
1121 2901 1187 2965 555

82 3073 84 3078 .
127 3009 290 3076 “Pontus
305 3011 405 3075 habet
421 3008 554 3092 Libyae,
571 3029 631 3073 nec
648 3029 720 3093 spes
731 3007 802 3092 jam
820 3013 923 3072 restat
939 3006 1017 3090 Iuli,

128 3113 209 3180 “At
223 3115 307 3180 freta
325 3114 473 3180 Sicaniae
486 3114 601 3179 saltem
615 3114 769 3197 sedesque
785 3117 929 3197 paratas,

128 3221 147 3254 “
161 3220 262 3288 Unde
279 3220 344 3286 11110
361 3219 500 3303 advecti,
517 3239 691 3305 regemque
707 3225 861 3303 petamus
878 3214 1053 3280 Acesten.''

128 3327 265 3393 Talibus
281 3326 424 3392 Ilioneus
441 3347 450 3408 ;
475 3324 588 3391 cuncti
600 3323 698 3390 simul
713 3343 766 3387 ore
781 3320 965 3386 fremebant

128 3431 347 3498 Dardanidae.
455 3489 461 3502 ,
848 3463 849 3468 1
1123 3425 1189 3491 560

128 3535 218 3600 Tum
233 3535 373 3600 breviter
389 3535 486 3620 Dido,
503 3535 636 3600 vultum
650 3531 800 3615 demissa,
817 3527 982 3615 profatur:

130 3639 286 3706 “Solvite
302 3641 397 3705 corde
412 3647 550 3723 metum,
569 3637 698 3720 Teucri,
718 3635 875 3702 secludite
892 3657 994 3702 curas.

129 3747 149 3778 “
163 3747 229 3813 Res
245 3748 329 3812 dura
340 3756 374 3812 et
386 3747 478 3832 regni
492 3746 621 3811 novitas
636 3765 688 3808 me
704 3743 785 3808 talia
800 3750 923 3828 cogunt

130 3854 272 3920 “Moliri
288 3861 323 3920 et
338 3855 406 3918 late
421 3854 502 3918 fines
519 3851 655 3917 custode
671 3851 768 3916 111011.Ι
797 3843 801 3852 ’
933 3937 936 3943 Ι

131 3960 243 4042 “Quis
258 3980 363 4047 genus
380 3958 583 4042 Aeneadum,
601 3956 674 4041 quis
692 3955 807 4042 Trojae
823 3953 948 4020 nesciat
964 3952 1078 4017 urbem
1124 3952 1189 4019 565
