2898 4518
241 317 303 382 136
597 332 767 380 auunrncs
786 333 855 436 ¹nis.
881 331 926 380 vr.

239 493 262 526 “
274 494 460 558 Attulerint
517 493 672 579 Pelagine
689 492 780 557 venis
797 491 956 556 erroribus
971 499 1078 576 actus,

240 599 261 631 “
274 597 330 663 An
345 597 474 662 monitu
490 597 633 663 divum?
659 617 831 680 an-quae
847 603 880 660 te
895 593 1045 661 Fortuna
1059 595 1192 681 fatigat,

241 701 327 768 “Ut
343 701 455 767 tristes
472 700 539 766 sine
556 702 620 766 sole
636 703 760 784 domos,
777 701 848 764 loca
864 699 1007 783 turbida,
1026 700 1159 766 adires?
1173 701 1192 729 '¹

239 806 313 871 Hac
329 806 399 870 vice
416 827 600 870 sermonum
616 805 711 870 roseis
728 804 856 868 Aurora
872 804 1041 889 quadrigis
1238 805 1304 870 535

238 911 263 977 J
265 933 319 976 am
335 910 480 976 medium
496 909 639 975 aet-herio
656 931 752 975 cursu
768 909 938 993 trajecerat
954 931 1061 992 axem,

137 1099 141 1106 Ι
238 1014 285 1079 Et
299 1014 363 1080 fors
379 1035 473 1079 omne
490 1014 607 1078 datum
622 1013 792 1079 traherent
807 1035 865 1099 per
880 1013 962 1078 talia
977 1021 1128 1098 tempus;

184 1113 192 1130 ’
238 1122 303 1188 Sed
319 1141 425 1186 comes
441 1119 621 1203 admonuit,
638 1119 843 1202 breviterque
859 1117 961 1182 affata
979 1118 1105 1202 Sibylla
1121 1125 1196 1184 est:
1216 1169 1220 1176 .

238 1227 259 1258 “
271 1226 348 1290 Nox
363 1225 442 1309 ruit,
459 1225 593 1307 Aenea;
618 1246 676 1289 nos
691 1223 799 1288 flendo
815 1223 966 1288 ducimus
981 1223 1075 1288 horas
1090 1228 1098 1290 1

237 1331 259 1365 “
275 1331 340 1396 Hic
356 1332 446 1396 locus
463 1338 523 1415 est,
541 1338 650 1416 partes
666 1329 725 1394 ubi
740 1350 774 1394 sa
790 1328 844 1392 via
859 1328 956 1393 findit
972 1329 1008 1392 in
1024 1329 1157 1394 ambas:
1237 1326 1305 1394 540

239 1436 417 1500 “Dextera
433 1457 517 1520 quae
534 1434 624 1500 Ditis
642 1433 756 1518 magni
772 1433 833 1498 sub
849 1432 976 1497 moenia
992 1432 1110 1516 tendit,

238 1541 258 1572 “
273 1539 345 1605 Hac
360 1540 423 1604 iter
437 1539 587 1624 Elysium
603 1538 714 1620 nobis;
739 1545 775 1602 at
790 1538 883 1602 laeva
899 1537 1061 1601 malorum

238 1647 258 1679 “
271 1647 411 1712 Exercet
427 1639 546 1731 poenas
562 1652 596 1710 et
612 1646 654 1710 ad
669 1644 772 1731 impia
789 1645 927 1709 Tartara
942 1643 1081 1708 mittit.”

237 1752 429 1837 Deiphobus
445 1759 576 1818 contra:
604 1749 625 1783 “
638 1749 690 1815 Ne
708 1750 804 1834 saevi,
822 1771 943 1834 magna
959 1749 1126 1814 sacerdos:

237 1858 258 1890 “
273 1857 459 1943 Discedam,
477 1857 613 1943 explebo
628 1877 812 1939 numerum,
830 1856 1009 1940 reddarque
1025 1853 1175 1919 tenebris.
1237 1854 1304 1920 545

236 1962 288 2027 “I
305 1964 415 2046 decus,
433 1962 456 2047 i,
473 1966 641 2028 nostrum!
666 1960 853 2026 melioribus
868 1968 960 2025 utere
975 1959 1053 2024 fatis
1068 1961 1107 2026 1''

237 2069 386 2132 Tantum
402 2066 531 2151 effatus,
549 2066 634 2131 etin
648 2065 745 2130 verbo
760 2065 899 2152 vestigia
915 2065 1019 2131 torsit.

303 2172 450 2258 Respicit
467 2171 598 2236 Aeneas
615 2169 723 2236 subito
739 2177 773 2236 et
790 2171 850 2235 sub
866 2191 945 2256 rupe
960 2169 1092 2234 sinistra

236 2277 364 2342 Moenia
379 2278 447 2342 lata
463 2277 562 2360 videt,
579 2275 701 2362 triplici
717 2275 918 2340 circumdata
933 2297 1036 2359 muro,

236 2384 326 2464 Quae
343 2383 474 2468 rapidus
489 2381 630 2446 flammis
646 2381 750 2445 ambit
767 2380 965 2446 torrentibus
980 2379 1095 2464 amnis,
1228 2365 1303 2446 Δ550

237 2488 413 2552 Tartareus
429 2486 645 2572 Phlegethon,
662 2492 859 2570 torquetque
875 2486 1025 2550 sonantia
1042 2506 1131 2550 saxa.

235 2594 336 2657 Porta
353 2595 498 2678 adversa,
515 2593 644 2677 ingens,
660 2590 824 2675 solidoque
841 2591 1016 2656 adamante
1032 2591 1215 2673 columnae,

235 2697 295 2762 Vis
311 2707 349 2763 ut
365 2698 460 2763 nulla
476 2697 592 2781 virum,
609 2718 674 2761 non
688 2696 753 2782 ipsi
768 2695 952 2793 exscindere
968 2696 1049 2761 ferro
1133 2775 1135 2778 .

236 2802 415 2869 Caelicolae
431 2803 571 2868 valeant.
620 2803 695 2868 Stat
710 2799 926 2866 ferrea'turris
941 2802 983 2866 ad
1000 2823 1105 2884 auras,

235 2907 475 2993 Tisiphoneque
492 2908 615 2991 sedens,
631 2907 720 2992 palla
737 2906 902 2971 succincta
918 2914 1064 2990 cruenta,
1233 2908 1301 2972 555

235 3013 446 3079 Vestibulum
462 3013 623 3078 exsomnis
640 3018 746 3078 servat
762 3019 936 3097 noctesque
952 3013 1093 3097 diesque.

235 3119 321 3183 Hinc
339 3118 486 3184 exaudiri
500 3118 643 3204 gemitus
661 3125 694 3182 et
710 3139 805 3183 saeva
821 3139 932 3182 sonare

236 3223 388 3308 Verbera,
407 3232 485 3288 tum
497 3222 614 3288 stridor
629 3222 704 3286 ferri
719 3229 910 3306 tractaeque
927 3230 1071 3289 catenae.

235 3329 393 3394 Constitit
409 3327 548 3412 Aeneas,
566 3326 772 3413 strepituque
789 3327 964 3392 exterritus
979 3327 1093 3394 haesit.

236 3434 357 3514 “Quae
374 3432 531 3514 scelerum
545 3431 673 3497 facies?
699 3431 831 3517 ovirgo,
849 3431 965 3514 effare;
991 3431 1150 3516 quibusve
1232 3432 1300 3498 560

236 3538 257 3571 “
271 3538 466 3623 Urguentur
480 3537 621 3623 poenis?
648 3536 705 3621 qui
720 3543 834 3600 tantus
851 3537 988 3622 plangor
1003 3537 1046 3601 ad
1061 3558 1156 3601 auras
1168 3538 1206 3602 ?'’

236 3640 324 3706 Tum
338 3649 430 3706 vates
446 3642 491 3706 sic
507 3664 577 3707 orsa
591 3641 680 3726 loqui
695 3661 703 3708 :
730 3640 842 3704 “Dux
856 3641 979 3726 inclyte
996 3640 1172 3726 Teucrrtm,

236 3747 364 3812 “Nulli
379 3748 428 3812 fas
444 3754 533 3812 casto
550 3747 743 3811 sceleratum
758 3746 906 3811 insistere
922 3747 1046 3828 limen;

237 3851 333 3918 “Sed
349 3873 400 3915 me
417 3872 520 3936 quum
536 3850 618 3914 lucis
634 3849 763 3915 Hecate
778 3851 932 3936 praefecit
949 3850 1098 3934 Auernis,

236 3955 350 4041 “Ipsa
365 3957 463 4020 deum
479 3975 600 4038 poenas
616 3954 726 4020 docuit
742 3977 862 4040 perque
878 3955 988 4032 omnia
1003 3955 1107 4021 duxit.
1230 3957 1296 4022 565
