<?xml version="1.0" encoding="UTF-8"?>
<!DOCTYPE html PUBLIC "-//W3C//DTD XHTML 1.0 Transitional//EN"
    "http://www.w3.org/TR/xhtml1/DTD/xhtml1-transitional.dtd">
<html xmlns="http://www.w3.org/1999/xhtml" xml:lang="en" lang="en">
 <head>
  <title>
</title>
<meta http-equiv="Content-Type" content="text/html;charset=utf-8" />
  <meta name='ocr-system' content='tesseract 3.04.00' />
  <meta name='ocr-capabilities' content='ocr_page ocr_carea ocr_par ocr_line ocrx_word'/>
</head>
<body>
  <div class='ocr_page' id='page_1' title='image "./virgilsaeneidwi00virggoog_0269.png"; bbox 0 0 2944 4522; ppageno 0'>
   <div class='ocr_carea' id='block_1_1' title="bbox 534 351 855 400">
    <p class='ocr_par' dir='ltr' id='par_1_1' title="bbox 534 351 855 400">
     <span class='ocr_line' id='line_1_1' title="bbox 534 351 855 400; baseline 0 -1"><span class='ocrx_word' id='word_1_1' title='bbox 534 351 709 399; x_wconf 68' lang='lat' dir='ltr'><strong>hramnus</strong></span> <span class='ocrx_word' id='word_1_2' title='bbox 731 352 797 400; x_wconf 76' lang='lat' dir='ltr'><strong>ma.</strong></span> <span class='ocrx_word' id='word_1_3' title='bbox 823 351 855 400; x_wconf 78' lang='grc' dir='ltr'><strong>Χ.</strong></span> 
     </span>
    </p>
   </div>
   <div class='ocr_carea' id='block_1_2' title="bbox 143 511 1225 3970">
    <p class='ocr_par' dir='ltr' id='par_1_2' title="bbox 161 511 980 598">
     <span class='ocr_line' id='line_1_2' title="bbox 161 511 980 598; baseline -0.005 -16"><span class='ocrx_word' id='word_1_4' title='bbox 161 512 241 582; x_wconf 79' lang='lat' dir='ltr'><strong>Uno</strong></span> <span class='ocrx_word' id='word_1_5' title='bbox 256 513 293 579; x_wconf 93' lang='lat' dir='ltr'><strong>in</strong></span> <span class='ocrx_word' id='word_1_6' title='bbox 308 512 402 579; x_wconf 90' lang='lat' dir='ltr'><strong>corde</strong></span> <span class='ocrx_word' id='word_1_7' title='bbox 417 511 533 598; x_wconf 90' lang='lat' dir='ltr'><strong>pudor,</strong></span> <span class='ocrx_word' id='word_1_8' title='bbox 550 511 718 597; x_wconf 88' lang='lat' dir='ltr'><strong>mixtoque</strong></span> <span class='ocrx_word' id='word_1_9' title='bbox 733 511 861 578; x_wconf 89' lang='lat' dir='ltr'><strong>insania</strong></span> <span class='ocrx_word' id='word_1_10' title='bbox 875 512 980 597; x_wconf 89' lang='lat' dir='ltr'><strong>luctu,</strong></span> 
     </span>
    </p>

    <p class='ocr_par' dir='ltr' id='par_1_3' title="bbox 162 599 938 705">
     <span class='ocr_line' id='line_1_3' title="bbox 162 599 938 705; baseline -0.001 -20"><span class='ocrx_word' id='word_1_11' title='bbox 162 617 225 705; x_wconf 78' lang='lat' dir='ltr'><strong>[Et</strong></span> <span class='ocrx_word' id='word_1_12' title='bbox 240 619 334 684; x_wconf 80' lang='lat' dir='ltr'><strong>furiis</strong></span> <span class='ocrx_word' id='word_1_13' title='bbox 349 599 497 704; x_wconf 83' lang='lat' dir='ltr'><strong>agitatus</strong></span> <span class='ocrx_word' id='word_1_14' title='bbox 512 639 602 683; x_wconf 90' lang='lat' dir='ltr'><strong>amor</strong></span> <span class='ocrx_word' id='word_1_15' title='bbox 616 625 651 683; x_wconf 88' lang='lat' dir='ltr'><strong>et</strong></span> <span class='ocrx_word' id='word_1_16' title='bbox 667 617 793 683; x_wconf 91' lang='lat' dir='ltr'><strong>conscia</strong></span> <span class='ocrx_word' id='word_1_17' title='bbox 808 617 938 704; x_wconf 81' lang='lat' dir='ltr'><strong>virtus]</strong></span> 
     </span>
    </p>

    <p class='ocr_par' dir='ltr' id='par_1_4' title="bbox 159 723 947 811">
     <span class='ocr_line' id='line_1_4' title="bbox 159 723 947 811; baseline -0.003 -19"><span class='ocrx_word' id='word_1_18' title='bbox 159 726 275 811; x_wconf 86' lang='lat' dir='ltr'><strong>Atque</strong></span> <span class='ocrx_word' id='word_1_19' title='bbox 290 725 345 790; x_wconf 91' lang='lat' dir='ltr'><strong>hic</strong></span> <span class='ocrx_word' id='word_1_20' title='bbox 362 724 501 790; x_wconf 80' lang='lat' dir='ltr'><strong>Aenean</strong></span> <span class='ocrx_word' id='word_1_21' title='bbox 515 745 637 810; x_wconf 82' lang='lat' dir='ltr'><strong>magna</strong></span> <span class='ocrx_word' id='word_1_22' title='bbox 652 730 703 788; x_wconf 88' lang='lat' dir='ltr'><strong>ter</strong></span> <span class='ocrx_word' id='word_1_23' title='bbox 717 745 794 788; x_wconf 92' lang='lat' dir='ltr'><strong>voce</strong></span> <span class='ocrx_word' id='word_1_24' title='bbox 809 723 947 790; x_wconf 89' lang='lat' dir='ltr'><strong>vocavit.</strong></span> 
     </span>
    </p>

    <p class='ocr_par' dir='ltr' id='par_1_5' title="bbox 160 827 918 914">
     <span class='ocr_line' id='line_1_5' title="bbox 160 827 918 914; baseline -0.003 -18"><span class='ocrx_word' id='word_1_25' title='bbox 160 830 289 897; x_wconf 80' lang='lat' dir='ltr'><strong>Aeneas</strong></span> <span class='ocrx_word' id='word_1_26' title='bbox 305 827 439 914; x_wconf 86' lang='lat' dir='ltr'><strong>agnovit</strong></span> <span class='ocrx_word' id='word_1_27' title='bbox 456 849 543 912; x_wconf 89' lang='lat' dir='ltr'><strong>eum,</strong></span> <span class='ocrx_word' id='word_1_28' title='bbox 559 827 731 913; x_wconf 88' lang='lat' dir='ltr'><strong>laetusque</strong></span> <span class='ocrx_word' id='word_1_29' title='bbox 747 833 918 914; x_wconf 91' lang='lat' dir='ltr'><strong>precatur:</strong></span> 
     </span>
    </p>

    <p class='ocr_par' dir='ltr' id='par_1_6' title="bbox 160 932 1225 1125">
     <span class='ocr_line' id='line_1_6' title="bbox 161 932 1225 1020; baseline 0.004 -19"><span class='ocrx_word' id='word_1_30' title='bbox 161 933 250 1002; x_wconf 82' lang='lat' dir='ltr'><strong>“Sic</strong></span> <span class='ocrx_word' id='word_1_31' title='bbox 269 943 363 1020; x_wconf 89' lang='lat' dir='ltr'><strong>pater</strong></span> <span class='ocrx_word' id='word_1_32' title='bbox 377 935 433 999; x_wconf 92' lang='lat' dir='ltr'><strong>ille</strong></span> <span class='ocrx_word' id='word_1_33' title='bbox 448 934 547 998; x_wconf 81' lang='lat' dir='ltr'><strong>deum</strong></span> <span class='ocrx_word' id='word_1_34' title='bbox 561 933 673 1016; x_wconf 85' lang='lat' dir='ltr'><strong>faciat,</strong></span> <span class='ocrx_word' id='word_1_35' title='bbox 691 932 737 999; x_wconf 89' lang='lat' dir='ltr'><strong>sic</strong></span> <span class='ocrx_word' id='word_1_36' title='bbox 752 934 841 999; x_wconf 90' lang='lat' dir='ltr'><strong>altus</strong></span> <span class='ocrx_word' id='word_1_37' title='bbox 856 932 998 1020; x_wconf 85' lang='lat' dir='ltr'><strong>Apollot</strong></span> <span class='ocrx_word' id='word_1_38' title='bbox 1158 933 1225 1006; x_wconf 75' lang='lat'><strong>875</strong></span> 
     </span>
     <span class='ocr_line' id='line_1_7' title="bbox 160 1039 680 1125; baseline -0.008 -19"><span class='ocrx_word' id='word_1_39' title='bbox 160 1042 180 1074; x_wconf 89' lang='lat'>“</span> <span class='ocrx_word' id='word_1_40' title='bbox 196 1040 341 1125; x_wconf 84' lang='lat' dir='ltr'><strong>Incipias</strong></span> <span class='ocrx_word' id='word_1_41' title='bbox 356 1039 498 1105; x_wconf 82' lang='lat' dir='ltr'><strong>conferre</strong></span> <span class='ocrx_word' id='word_1_42' title='bbox 513 1039 680 1106; x_wconf 87' lang='lat' dir='ltr'><strong>manum.&#39;&#39;</strong></span> 
     </span>
    </p>

    <p class='ocr_par' dir='ltr' id='par_1_7' title="bbox 160 1143 998 1228">
     <span class='ocr_line' id='line_1_8' title="bbox 160 1143 998 1228; baseline 0 -18"><span class='ocrx_word' id='word_1_43' title='bbox 160 1145 311 1210; x_wconf 90' lang='lat' dir='ltr'><strong>Tantum</strong></span> <span class='ocrx_word' id='word_1_44' title='bbox 325 1143 455 1228; x_wconf 88' lang='lat' dir='ltr'><strong>effatus,</strong></span> <span class='ocrx_word' id='word_1_45' title='bbox 473 1151 507 1209; x_wconf 87' lang='lat' dir='ltr'><strong>et</strong></span> <span class='ocrx_word' id='word_1_46' title='bbox 522 1143 644 1210; x_wconf 87' lang='lat' dir='ltr'><strong>infesta</strong></span> <span class='ocrx_word' id='word_1_47' title='bbox 659 1144 748 1210; x_wconf 83' lang='lat' dir='ltr'><strong>subit</strong></span> <span class='ocrx_word' id='word_1_48' title='bbox 764 1143 878 1210; x_wconf 87' lang='lat' dir='ltr'><strong>obvius</strong></span> <span class='ocrx_word' id='word_1_49' title='bbox 893 1143 998 1211; x_wconf 91' lang='lat' dir='ltr'><strong>hasta.</strong></span> 
     </span>
    </p>

    <p class='ocr_par' dir='ltr' id='par_1_8' title="bbox 159 1247 1047 1335">
     <span class='ocr_line' id='line_1_9' title="bbox 159 1247 1047 1335; baseline 0.001 -21"><span class='ocrx_word' id='word_1_50' title='bbox 159 1250 221 1315; x_wconf 90' lang='lat' dir='ltr'><strong>Ille</strong></span> <span class='ocrx_word' id='word_1_51' title='bbox 236 1257 370 1317; x_wconf 87' lang='lat' dir='ltr'><strong>autem:</strong></span> <span class='ocrx_word' id='word_1_52' title='bbox 397 1248 519 1330; x_wconf 82' lang='lat' dir='ltr'><strong>“Quid</strong></span> <span class='ocrx_word' id='word_1_53' title='bbox 534 1269 598 1333; x_wconf 89' lang='lat' dir='ltr'><strong>me,</strong></span> <span class='ocrx_word' id='word_1_54' title='bbox 616 1257 739 1335; x_wconf 88' lang='lat' dir='ltr'><strong>erepto,</strong></span> <span class='ocrx_word' id='word_1_55' title='bbox 757 1247 951 1334; x_wconf 89' lang='lat' dir='ltr'><strong>saevissime,</strong></span> <span class='ocrx_word' id='word_1_56' title='bbox 967 1256 1047 1315; x_wconf 90' lang='lat' dir='ltr'><strong>nato</strong></span> 
     </span>
    </p>

    <p class='ocr_par' dir='ltr' id='par_1_9' title="bbox 143 1353 1086 1440">
     <span class='ocr_line' id='line_1_10' title="bbox 143 1353 1086 1440; baseline 0.002 -20"><span class='ocrx_word' id='word_1_57' title='bbox 143 1355 181 1388; x_wconf 85' lang='lat'><strong>&#39;“</strong></span> <span class='ocrx_word' id='word_1_58' title='bbox 196 1355 337 1422; x_wconf 81' lang='lat' dir='ltr'><strong>Terras?</strong></span> <span class='ocrx_word' id='word_1_59' title='bbox 385 1353 478 1420; x_wconf 90' lang='lat' dir='ltr'><strong>Haec</strong></span> <span class='ocrx_word' id='word_1_60' title='bbox 493 1354 547 1419; x_wconf 90' lang='lat' dir='ltr'><strong>via</strong></span> <span class='ocrx_word' id='word_1_61' title='bbox 562 1354 630 1420; x_wconf 90' lang='lat' dir='ltr'><strong>sola</strong></span> <span class='ocrx_word' id='word_1_62' title='bbox 646 1353 722 1440; x_wconf 83' lang='lat' dir='ltr'><strong>fuit,</strong></span> <span class='ocrx_word' id='word_1_63' title='bbox 740 1374 806 1440; x_wconf 88' lang='lat' dir='ltr'><strong>qua</strong></span> <span class='ocrx_word' id='word_1_64' title='bbox 822 1355 953 1440; x_wconf 89' lang='lat' dir='ltr'><strong>perdere</strong></span> <span class='ocrx_word' id='word_1_65' title='bbox 968 1376 1086 1440; x_wconf 89' lang='lat' dir='ltr'><strong>posses.</strong></span> 
     </span>
    </p>

    <p class='ocr_par' dir='ltr' id='par_1_10' title="bbox 158 1459 1223 1760">
     <span class='ocr_line' id='line_1_11' title="bbox 160 1459 1223 1547; baseline 0.002 -22"><span class='ocrx_word' id='word_1_66' title='bbox 160 1459 182 1494; x_wconf 86' lang='lat'>“</span> <span class='ocrx_word' id='word_1_67' title='bbox 194 1459 265 1526; x_wconf 86' lang='lat' dir='ltr'><strong>Nee</strong></span> <span class='ocrx_word' id='word_1_68' title='bbox 280 1467 422 1526; x_wconf 87' lang='lat' dir='ltr'><strong>mortem</strong></span> <span class='ocrx_word' id='word_1_69' title='bbox 435 1459 615 1544; x_wconf 86' lang='lat' dir='ltr'><strong>horremus,</strong></span> <span class='ocrx_word' id='word_1_70' title='bbox 632 1481 691 1526; x_wconf 90' lang='lat' dir='ltr'><strong>nec</strong></span> <span class='ocrx_word' id='word_1_71' title='bbox 707 1460 823 1526; x_wconf 77' lang='lat' dir='ltr'><strong>divum</strong></span> <span class='ocrx_word' id='word_1_72' title='bbox 837 1460 1001 1547; x_wconf 83' lang='lat' dir='ltr'><strong>parcimus</strong></span> <span class='ocrx_word' id='word_1_73' title='bbox 1016 1461 1086 1527; x_wconf 91' lang='lat' dir='ltr'><strong>ulli.</strong></span> <span class='ocrx_word' id='word_1_74' title='bbox 1155 1462 1223 1527; x_wconf 91' lang='lat'><strong>880</strong></span> 
     </span>
     <span class='ocr_line' id='line_1_12' title="bbox 161 1551 1082 1653; baseline 0 -21"><span class='ocrx_word' id='word_1_75' title='bbox 161 1553 182 1600; x_wconf 68' lang='lat'><strong>‘²</strong></span> <span class='ocrx_word' id='word_1_76' title='bbox 194 1567 334 1633; x_wconf 87' lang='lat' dir='ltr'><strong>Desine:</strong></span> <span class='ocrx_word' id='word_1_77' title='bbox 359 1587 439 1630; x_wconf 92' lang='lat' dir='ltr'><strong>nam</strong></span> <span class='ocrx_word' id='word_1_78' title='bbox 453 1565 547 1631; x_wconf 87' lang='lat' dir='ltr'><strong>venio</strong></span> <span class='ocrx_word' id='word_1_79' title='bbox 561 1566 748 1650; x_wconf 90' lang='lat' dir='ltr'><strong>moriturus,</strong></span> <span class='ocrx_word' id='word_1_80' title='bbox 766 1566 895 1632; x_wconf 86' lang='lat' dir='ltr'><strong>ethaeo</strong></span> <span class='ocrx_word' id='word_1_81' title='bbox 911 1551 1082 1653; x_wconf 75' lang='lat' dir='ltr'><strong>tibi⁰porto</strong></span> 
     </span>
     <span class='ocr_line' id='line_1_13' title="bbox 158 1673 1114 1760; baseline 0.003 -20"><span class='ocrx_word' id='word_1_82' title='bbox 158 1673 290 1740; x_wconf 87' lang='lat' dir='ltr'><strong>“Dona</strong></span> <span class='ocrx_word' id='word_1_83' title='bbox 305 1674 427 1760; x_wconf 83' lang='lat' dir='ltr'><strong>prius.”</strong></span> <span class='ocrx_word' id='word_1_84' title='bbox 472 1673 581 1759; x_wconf 80' lang='lat' dir='ltr'><strong>Dixit,</strong></span> <span class='ocrx_word' id='word_1_85' title='bbox 597 1674 768 1759; x_wconf 89' lang='lat' dir='ltr'><strong>telumque</strong></span> <span class='ocrx_word' id='word_1_86' title='bbox 782 1674 912 1741; x_wconf 76' lang='lat' dir='ltr'><strong>intorsit</strong></span> <span class='ocrx_word' id='word_1_87' title='bbox 928 1675 964 1740; x_wconf 93' lang='lat' dir='ltr'><strong>in</strong></span> <span class='ocrx_word' id='word_1_88' title='bbox 978 1674 1114 1743; x_wconf 88' lang='lat' dir='ltr'><strong>hostem.</strong></span> 
     </span>
    </p>

    <p class='ocr_par' dir='ltr' id='par_1_11' title="bbox 159 1779 1021 1866">
     <span class='ocr_line' id='line_1_14' title="bbox 159 1779 1021 1866; baseline 0 -20"><span class='ocrx_word' id='word_1_89' title='bbox 159 1780 242 1846; x_wconf 89' lang='lat' dir='ltr'><strong>Inde</strong></span> <span class='ocrx_word' id='word_1_90' title='bbox 258 1781 350 1846; x_wconf 87' lang='lat' dir='ltr'><strong>aliud</strong></span> <span class='ocrx_word' id='word_1_91' title='bbox 365 1801 461 1866; x_wconf 89' lang='lat' dir='ltr'><strong>super</strong></span> <span class='ocrx_word' id='word_1_92' title='bbox 476 1787 576 1865; x_wconf 88' lang='lat' dir='ltr'><strong>atque</strong></span> <span class='ocrx_word' id='word_1_93' title='bbox 592 1779 684 1845; x_wconf 91' lang='lat' dir='ltr'><strong>aliud</strong></span> <span class='ocrx_word' id='word_1_94' title='bbox 697 1779 846 1866; x_wconf 87' lang='lat' dir='ltr'><strong>figitque,</strong></span> <span class='ocrx_word' id='word_1_95' title='bbox 864 1781 1021 1866; x_wconf 81' lang='lat' dir='ltr'><strong>volatque</strong></span> 
     </span>
    </p>

    <p class='ocr_par' dir='ltr' id='par_1_12' title="bbox 158 1884 907 1971">
     <span class='ocr_line' id='line_1_15' title="bbox 158 1884 907 1971; baseline 0.003 -21"><span class='ocrx_word' id='word_1_96' title='bbox 158 1884 294 1970; x_wconf 82' lang='lat' dir='ltr'><strong>Ingenti</strong></span> <span class='ocrx_word' id='word_1_97' title='bbox 309 1907 386 1971; x_wconf 86' lang='lat' dir='ltr'><strong>gyro</strong></span> <span class='ocrx_word' id='word_1_98' title='bbox 400 1905 409 1968; x_wconf 91' lang='lat'>;</span> <span class='ocrx_word' id='word_1_99' title='bbox 435 1885 492 1951; x_wconf 88' lang='lat' dir='ltr'><strong>sed</strong></span> <span class='ocrx_word' id='word_1_100' title='bbox 508 1884 649 1950; x_wconf 88' lang='lat' dir='ltr'><strong>sustinet</strong></span> <span class='ocrx_word' id='word_1_101' title='bbox 665 1905 782 1949; x_wconf 88' lang='lat' dir='ltr'><strong>aureus</strong></span> <span class='ocrx_word' id='word_1_102' title='bbox 798 1885 907 1952; x_wconf 85' lang='lat' dir='ltr'><strong>umbe.</strong></span> 
     </span>
    </p>

    <p class='ocr_par' dir='ltr' id='par_1_13' title="bbox 158 1986 1221 2178">
     <span class='ocr_line' id='line_1_16' title="bbox 159 1986 1221 2073; baseline 0.001 -20"><span class='ocrx_word' id='word_1_103' title='bbox 159 1989 224 2066; x_wconf 84' lang='lat' dir='ltr'><strong>Ter</strong></span> <span class='ocrx_word' id='word_1_104' title='bbox 239 1989 361 2055; x_wconf 90' lang='lat' dir='ltr'><strong>circum</strong></span> <span class='ocrx_word' id='word_1_105' title='bbox 376 1988 565 2054; x_wconf 87' lang='lat' dir='ltr'><strong>adstantem</strong></span> <span class='ocrx_word' id='word_1_106' title='bbox 579 1988 688 2054; x_wconf 87' lang='lat' dir='ltr'><strong>laevos</strong></span> <span class='ocrx_word' id='word_1_107' title='bbox 703 1987 865 2073; x_wconf 90' lang='lat' dir='ltr'><strong>equitavit</strong></span> <span class='ocrx_word' id='word_1_108' title='bbox 880 1986 917 2052; x_wconf 91' lang='grc'><strong>111</strong></span> <span class='ocrx_word' id='word_1_109' title='bbox 932 1987 1032 2072; x_wconf 89' lang='lat' dir='ltr'><strong>orbes,</strong></span> <span class='ocrx_word' id='word_1_110' title='bbox 1154 1988 1221 2055; x_wconf 83' lang='lat'><strong>885</strong></span> 
     </span>
     <span class='ocr_line' id='line_1_17' title="bbox 158 2091 961 2178; baseline -0.001 -19"><span class='ocrx_word' id='word_1_111' title='bbox 158 2095 240 2159; x_wconf 89' lang='lat' dir='ltr'><strong>Tela</strong></span> <span class='ocrx_word' id='word_1_112' title='bbox 256 2115 359 2158; x_wconf 91' lang='lat' dir='ltr'><strong>mann</strong></span> <span class='ocrx_word' id='word_1_113' title='bbox 370 2091 514 2178; x_wconf 80' lang='lat' dir='ltr'><strong>jaciens3</strong></span> <span class='ocrx_word' id='word_1_114' title='bbox 538 2100 590 2158; x_wconf 89' lang='lat' dir='ltr'><strong>ter</strong></span> <span class='ocrx_word' id='word_1_115' title='bbox 605 2114 716 2164; x_wconf 87' lang='lat' dir='ltr'><strong>secum</strong></span> <span class='ocrx_word' id='word_1_116' title='bbox 734 2092 850 2158; x_wconf 77' lang='lat' dir='ltr'><strong>Troius</strong></span> <span class='ocrx_word' id='word_1_117' title='bbox 865 2091 961 2158; x_wconf 89' lang='lat' dir='ltr'><strong>heros</strong></span> 
     </span>
    </p>

    <p class='ocr_par' dir='ltr' id='par_1_14' title="bbox 156 2197 972 2284">
     <span class='ocr_line' id='line_1_18' title="bbox 156 2197 972 2284; baseline -0.001 -20"><span class='ocrx_word' id='word_1_118' title='bbox 156 2199 341 2264; x_wconf 88' lang='lat' dir='ltr'><strong>Immanem</strong></span> <span class='ocrx_word' id='word_1_119' title='bbox 357 2206 467 2264; x_wconf 91' lang='lat' dir='ltr'><strong>aerato</strong></span> <span class='ocrx_word' id='word_1_120' title='bbox 483 2197 669 2264; x_wconf 89' lang='lat' dir='ltr'><strong>circumfert</strong></span> <span class='ocrx_word' id='word_1_121' title='bbox 686 2197 831 2284; x_wconf 86' lang='lat' dir='ltr'><strong>tegmine</strong></span> <span class='ocrx_word' id='word_1_122' title='bbox 848 2197 972 2263; x_wconf 89' lang='lat' dir='ltr'><strong>silvam.</strong></span> 
     </span>
    </p>

    <p class='ocr_par' dir='ltr' id='par_1_15' title="bbox 156 2301 1005 2389">
     <span class='ocr_line' id='line_1_19' title="bbox 156 2301 1005 2389; baseline -0.002 -21"><span class='ocrx_word' id='word_1_123' title='bbox 156 2301 239 2369; x_wconf 83' lang='lat' dir='ltr'><strong>Inde</strong></span> <span class='ocrx_word' id='word_1_124' title='bbox 255 2303 314 2370; x_wconf 90' lang='lat' dir='ltr'><strong>ubi</strong></span> <span class='ocrx_word' id='word_1_125' title='bbox 329 2311 381 2369; x_wconf 91' lang='lat' dir='ltr'><strong>tot</strong></span> <span class='ocrx_word' id='word_1_126' title='bbox 397 2303 534 2370; x_wconf 86' lang='lat' dir='ltr'><strong>traxisse</strong></span> <span class='ocrx_word' id='word_1_127' title='bbox 550 2324 667 2387; x_wconf 89' lang='lat' dir='ltr'><strong>moras,</strong></span> <span class='ocrx_word' id='word_1_128' title='bbox 684 2309 736 2368; x_wconf 93' lang='lat' dir='ltr'><strong>tot</strong></span> <span class='ocrx_word' id='word_1_129' title='bbox 753 2302 878 2389; x_wconf 89' lang='lat' dir='ltr'><strong>spicula</strong></span> <span class='ocrx_word' id='word_1_130' title='bbox 893 2302 1005 2368; x_wconf 91' lang='lat' dir='ltr'><strong>taedet</strong></span> 
     </span>
    </p>

    <p class='ocr_par' dir='ltr' id='par_1_16' title="bbox 156 2405 1003 2494">
     <span class='ocr_line' id='line_1_20' title="bbox 156 2405 1003 2494; baseline -0.005 -20"><span class='ocrx_word' id='word_1_131' title='bbox 156 2408 296 2493; x_wconf 90' lang='lat' dir='ltr'><strong>Vellere,</strong></span> <span class='ocrx_word' id='word_1_132' title='bbox 313 2415 347 2474; x_wconf 89' lang='lat' dir='ltr'><strong>et</strong></span> <span class='ocrx_word' id='word_1_133' title='bbox 362 2415 524 2494; x_wconf 86' lang='lat' dir='ltr'><strong>urguetur</strong></span> <span class='ocrx_word' id='word_1_134' title='bbox 539 2429 651 2494; x_wconf 86' lang='lat' dir='ltr'><strong>pugna</strong></span> <span class='ocrx_word' id='word_1_135' title='bbox 667 2427 854 2493; x_wconf 86' lang='lat' dir='ltr'><strong>congressus</strong></span> <span class='ocrx_word' id='word_1_136' title='bbox 869 2405 1003 2491; x_wconf 88' lang='lat' dir='ltr'><strong>iniqua;</strong></span> 
     </span>
    </p>

    <p class='ocr_par' dir='ltr' id='par_1_17' title="bbox 155 2509 1220 2704">
     <span class='ocr_line' id='line_1_21' title="bbox 155 2509 1220 2598; baseline 0 -20"><span class='ocrx_word' id='word_1_137' title='bbox 155 2513 266 2579; x_wconf 89' lang='lat' dir='ltr'><strong>Multa</strong></span> <span class='ocrx_word' id='word_1_138' title='bbox 281 2534 415 2579; x_wconf 90' lang='lat' dir='ltr'><strong>movens</strong></span> <span class='ocrx_word' id='word_1_139' title='bbox 431 2511 551 2596; x_wconf 91' lang='lat' dir='ltr'><strong>animo,</strong></span> <span class='ocrx_word' id='word_1_140' title='bbox 565 2511 636 2598; x_wconf 88' lang='lat' dir='ltr'><strong>jam</strong></span> <span class='ocrx_word' id='word_1_141' title='bbox 651 2513 789 2577; x_wconf 87' lang='lat' dir='ltr'><strong>tandem</strong></span> <span class='ocrx_word' id='word_1_142' title='bbox 804 2510 959 2598; x_wconf 87' lang='lat' dir='ltr'><strong>erumpit,</strong></span> <span class='ocrx_word' id='word_1_143' title='bbox 973 2517 1007 2576; x_wconf 91' lang='lat' dir='ltr'><strong>et</strong></span> <span class='ocrx_word' id='word_1_144' title='bbox 1021 2509 1109 2577; x_wconf 88' lang='lat' dir='ltr'><strong>inter</strong></span> <span class='ocrx_word' id='word_1_145' title='bbox 1153 2512 1220 2580; x_wconf 91' lang='grc'><strong>890</strong></span> 
     </span>
     <span class='ocr_line' id='line_1_22' title="bbox 157 2617 986 2704; baseline -0.001 -19"><span class='ocrx_word' id='word_1_146' title='bbox 157 2619 331 2685; x_wconf 89' lang='lat' dir='ltr'><strong>Bellatoris</strong></span> <span class='ocrx_word' id='word_1_147' title='bbox 347 2619 422 2704; x_wconf 83' lang='lat' dir='ltr'><strong>equi</strong></span> <span class='ocrx_word' id='word_1_148' title='bbox 438 2640 517 2684; x_wconf 89' lang='lat' dir='ltr'><strong>cava</strong></span> <span class='ocrx_word' id='word_1_149' title='bbox 535 2625 683 2704; x_wconf 88' lang='lat' dir='ltr'><strong>tempora</strong></span> <span class='ocrx_word' id='word_1_150' title='bbox 699 2617 831 2702; x_wconf 88' lang='lat' dir='ltr'><strong>conjicit</strong></span> <span class='ocrx_word' id='word_1_151' title='bbox 847 2617 986 2684; x_wconf 90' lang='lat' dir='ltr'><strong>hastam.</strong></span> 
     </span>
    </p>

    <p class='ocr_par' dir='ltr' id='par_1_18' title="bbox 156 2723 1008 2810">
     <span class='ocr_line' id='line_1_23' title="bbox 156 2723 1008 2810; baseline -0.001 -20"><span class='ocrx_word' id='word_1_152' title='bbox 156 2726 259 2792; x_wconf 85' lang='lat' dir='ltr'><strong>Tollit</strong></span> <span class='ocrx_word' id='word_1_153' title='bbox 275 2747 308 2791; x_wconf 93' lang='lat' dir='ltr'><strong>se</strong></span> <span class='ocrx_word' id='word_1_154' title='bbox 325 2733 486 2790; x_wconf 88' lang='lat' dir='ltr'><strong>arrectum</strong></span> <span class='ocrx_word' id='word_1_155' title='bbox 503 2725 688 2810; x_wconf 87' lang='lat' dir='ltr'><strong>quadrupes</strong></span> <span class='ocrx_word' id='word_1_156' title='bbox 704 2731 738 2790; x_wconf 90' lang='lat' dir='ltr'><strong>et</strong></span> <span class='ocrx_word' id='word_1_157' title='bbox 754 2723 898 2790; x_wconf 83' lang='lat' dir='ltr'><strong>calcibus</strong></span> <span class='ocrx_word' id='word_1_158' title='bbox 913 2745 1008 2789; x_wconf 88' lang='lat' dir='ltr'><strong>auras</strong></span> 
     </span>
    </p>

    <p class='ocr_par' dir='ltr' id='par_1_19' title="bbox 153 2829 1060 3023">
     <span class='ocr_line' id='line_1_24' title="bbox 155 2829 1060 2916; baseline 0.002 -22"><span class='ocrx_word' id='word_1_159' title='bbox 155 2829 327 2915; x_wconf 87' lang='lat' dir='ltr'><strong>Verberat,</strong></span> <span class='ocrx_word' id='word_1_160' title='bbox 345 2830 551 2914; x_wconf 87' lang='lat' dir='ltr'><strong>effusumque</strong></span> <span class='ocrx_word' id='word_1_161' title='bbox 567 2829 714 2914; x_wconf 90' lang='lat' dir='ltr'><strong>equitem</strong></span> <span class='ocrx_word' id='word_1_162' title='bbox 730 2850 828 2914; x_wconf 90' lang='lat' dir='ltr'><strong>super</strong></span> <span class='ocrx_word' id='word_1_163' title='bbox 841 2829 911 2916; x_wconf 89' lang='lat' dir='ltr'><strong>ipse</strong></span> <span class='ocrx_word' id='word_1_164' title='bbox 928 2838 1060 2896; x_wconf 84' lang='lat' dir='ltr'><strong>secutus</strong></span> 
     </span>
     <span class='ocr_line' id='line_1_25' title="bbox 153 2934 950 3023; baseline 0.004 -23"><span class='ocrx_word' id='word_1_165' title='bbox 153 2936 319 3023; x_wconf 89' lang='lat' dir='ltr'><strong>Implicat,</strong></span> <span class='ocrx_word' id='word_1_166' title='bbox 337 2937 502 3022; x_wconf 87' lang='lat' dir='ltr'><strong>ejectoque</strong></span> <span class='ocrx_word' id='word_1_167' title='bbox 518 2934 681 3000; x_wconf 90' lang='lat' dir='ltr'><strong>incumbit</strong></span> <span class='ocrx_word' id='word_1_168' title='bbox 697 2956 836 3001; x_wconf 91' lang='lat' dir='ltr'><strong>cernuus</strong></span> <span class='ocrx_word' id='word_1_169' title='bbox 851 2957 950 3003; x_wconf 88' lang='lat' dir='ltr'><strong>armo.</strong></span> 
     </span>
    </p>

    <p class='ocr_par' dir='ltr' id='par_1_20' title="bbox 152 3041 1218 3234">
     <span class='ocr_line' id='line_1_26' title="bbox 155 3041 1218 3128; baseline -0.001 -19"><span class='ocrx_word' id='word_1_170' title='bbox 155 3042 304 3109; x_wconf 79' lang='lat' dir='ltr'><strong>Clamore</strong></span> <span class='ocrx_word' id='word_1_171' title='bbox 319 3042 501 3108; x_wconf 90' lang='lat' dir='ltr'><strong>incendunt</strong></span> <span class='ocrx_word' id='word_1_172' title='bbox 518 3041 645 3106; x_wconf 90' lang='lat' dir='ltr'><strong>coelum</strong></span> <span class='ocrx_word' id='word_1_173' title='bbox 662 3041 823 3128; x_wconf 83' lang='lat' dir='ltr'><strong>Troesque</strong></span> <span class='ocrx_word' id='word_1_174' title='bbox 839 3041 1026 3128; x_wconf 85' lang='lat' dir='ltr'><strong>Latinique.</strong></span> <span class='ocrx_word' id='word_1_175' title='bbox 1153 3042 1218 3109; x_wconf 88' lang='lat'><strong>895</strong></span> 
     </span>
     <span class='ocr_line' id='line_1_27' title="bbox 152 3148 906 3234; baseline -0.004 -19"><span class='ocrx_word' id='word_1_176' title='bbox 152 3149 299 3215; x_wconf 87' lang='lat' dir='ltr'><strong>Advolat</strong></span> <span class='ocrx_word' id='word_1_177' title='bbox 315 3148 455 3232; x_wconf 86' lang='lat' dir='ltr'><strong>Aeneas,</strong></span> <span class='ocrx_word' id='word_1_178' title='bbox 472 3148 655 3233; x_wconf 86' lang='lat' dir='ltr'><strong>vaginaque</strong></span> <span class='ocrx_word' id='word_1_179' title='bbox 673 3148 769 3234; x_wconf 89' lang='lat' dir='ltr'><strong>eripit</strong></span> <span class='ocrx_word' id='word_1_180' title='bbox 785 3169 906 3234; x_wconf 89' lang='lat' dir='ltr'><strong>ensem,</strong></span> 
     </span>
    </p>

    <p class='ocr_par' dir='ltr' id='par_1_21' title="bbox 152 3253 1075 3342">
     <span class='ocr_line' id='line_1_28' title="bbox 152 3253 1075 3342; baseline -0.002 -21"><span class='ocrx_word' id='word_1_181' title='bbox 152 3257 199 3321; x_wconf 85' lang='lat' dir='ltr'><strong>Et</strong></span> <span class='ocrx_word' id='word_1_182' title='bbox 216 3256 427 3342; x_wconf 89' lang='lat' dir='ltr'><strong>superhaec:</strong></span> <span class='ocrx_word' id='word_1_183' title='bbox 456 3254 560 3321; x_wconf 86' lang='lat' dir='ltr'><strong>“Ubi</strong></span> <span class='ocrx_word' id='word_1_184' title='bbox 576 3276 663 3320; x_wconf 90' lang='lat' dir='ltr'><strong>nunc</strong></span> <span class='ocrx_word' id='word_1_185' title='bbox 680 3253 864 3320; x_wconf 85' lang='lat' dir='ltr'><strong>Mezentius</strong></span> <span class='ocrx_word' id='word_1_186' title='bbox 880 3277 953 3320; x_wconf 87' lang='lat' dir='ltr'><strong>acer</strong></span> <span class='ocrx_word' id='word_1_187' title='bbox 968 3261 1002 3320; x_wconf 90' lang='lat' dir='ltr'><strong>et</strong></span> <span class='ocrx_word' id='word_1_188' title='bbox 1016 3253 1075 3319; x_wconf 89' lang='lat' dir='ltr'><strong>illa</strong></span> 
     </span>
    </p>

    <p class='ocr_par' dir='ltr' id='par_1_22' title="bbox 152 3359 1092 3551">
     <span class='ocr_line' id='line_1_29' title="bbox 153 3359 1092 3444; baseline -0.002 -18"><span class='ocrx_word' id='word_1_189' title='bbox 153 3361 175 3394; x_wconf 92' lang='lat'><strong>“</strong></span> <span class='ocrx_word' id='word_1_190' title='bbox 188 3360 299 3426; x_wconf 85' lang='lat' dir='ltr'><strong>Effera</strong></span> <span class='ocrx_word' id='word_1_191' title='bbox 313 3360 362 3426; x_wconf 93' lang='lat' dir='ltr'><strong>vis</strong></span> <span class='ocrx_word' id='word_1_192' title='bbox 379 3360 508 3426; x_wconf 82' lang='lat' dir='ltr'><strong>animi?</strong></span> <span class='ocrx_word' id='word_1_193' title='bbox 519 3361 540 3392; x_wconf 86' lang='lat'><strong>&#39;’</strong></span> <span class='ocrx_word' id='word_1_194' title='bbox 588 3359 710 3425; x_wconf 79' lang='lat' dir='ltr'><strong>Contra</strong></span> <span class='ocrx_word' id='word_1_195' title='bbox 726 3359 925 3444; x_wconf 87' lang='lat' dir='ltr'><strong>Tyrrhenus,</strong></span> <span class='ocrx_word' id='word_1_196' title='bbox 942 3367 982 3424; x_wconf 90' lang='lat' dir='ltr'><strong>ut</strong></span> <span class='ocrx_word' id='word_1_197' title='bbox 997 3380 1092 3424; x_wconf 87' lang='lat' dir='ltr'><strong>auras</strong></span> 
     </span>
     <span class='ocr_line' id='line_1_30' title="bbox 152 3464 992 3551; baseline 0.001 -20"><span class='ocrx_word' id='word_1_198' title='bbox 152 3466 340 3551; x_wconf 80' lang='lat' dir='ltr'><strong>Suspiciens</strong></span> <span class='ocrx_word' id='word_1_199' title='bbox 355 3465 466 3530; x_wconf 90' lang='lat' dir='ltr'><strong>hausit</strong></span> <span class='ocrx_word' id='word_1_200' title='bbox 482 3466 609 3530; x_wconf 90' lang='lat' dir='ltr'><strong>coelum</strong></span> <span class='ocrx_word' id='word_1_201' title='bbox 623 3473 833 3550; x_wconf 87' lang='lat' dir='ltr'><strong>mentemque</strong></span> <span class='ocrx_word' id='word_1_202' title='bbox 850 3464 970 3550; x_wconf 88' lang='lat' dir='ltr'><strong>recepit</strong></span> <span class='ocrx_word' id='word_1_203' title='bbox 985 3485 992 3532; x_wconf 93' lang='lat'>:</span> 
     </span>
    </p>

    <p class='ocr_par' dir='ltr' id='par_1_23' title="bbox 153 3567 1217 3759">
     <span class='ocr_line' id='line_1_31' title="bbox 156 3567 1217 3656; baseline 0.002 -22"><span class='ocrx_word' id='word_1_204' title='bbox 156 3571 302 3636; x_wconf 87' lang='lat' dir='ltr'><strong>“Hostis</strong></span> <span class='ocrx_word' id='word_1_205' title='bbox 318 3591 438 3654; x_wconf 89' lang='lat' dir='ltr'><strong>amare,</strong></span> <span class='ocrx_word' id='word_1_206' title='bbox 456 3570 536 3654; x_wconf 88' lang='lat' dir='ltr'><strong>quid</strong></span> <span class='ocrx_word' id='word_1_207' title='bbox 552 3569 730 3656; x_wconf 89' lang='lat' dir='ltr'><strong>increpitas</strong></span> <span class='ocrx_word' id='word_1_208' title='bbox 744 3576 948 3654; x_wconf 86' lang='lat' dir='ltr'><strong>mortemque</strong></span> <span class='ocrx_word' id='word_1_209' title='bbox 962 3567 1125 3636; x_wconf 81' lang='lat' dir='ltr'><strong>minaris?</strong></span> <span class='ocrx_word' id='word_1_210' title='bbox 1151 3571 1217 3638; x_wconf 89' lang='grc'><strong>900</strong></span> 
     </span>
     <span class='ocr_line' id='line_1_32' title="bbox 153 3673 1051 3759; baseline 0 -21"><span class='ocrx_word' id='word_1_211' title='bbox 153 3673 175 3706; x_wconf 85' lang='lat'><strong>“</strong></span> <span class='ocrx_word' id='word_1_212' title='bbox 190 3673 334 3739; x_wconf 87' lang='lat' dir='ltr'><strong>Nullum</strong></span> <span class='ocrx_word' id='word_1_213' title='bbox 349 3673 386 3738; x_wconf 92' lang='lat' dir='ltr'><strong>in</strong></span> <span class='ocrx_word' id='word_1_214' title='bbox 401 3675 500 3739; x_wconf 88' lang='lat' dir='ltr'><strong>caede</strong></span> <span class='ocrx_word' id='word_1_215' title='bbox 515 3674 617 3758; x_wconf 83' lang='lat' dir='ltr'><strong>nefas,</strong></span> <span class='ocrx_word' id='word_1_216' title='bbox 634 3696 693 3739; x_wconf 90' lang='lat' dir='ltr'><strong>nec</strong></span> <span class='ocrx_word' id='word_1_217' title='bbox 710 3673 754 3739; x_wconf 89' lang='lat' dir='ltr'><strong>sic</strong></span> <span class='ocrx_word' id='word_1_218' title='bbox 772 3674 815 3739; x_wconf 91' lang='lat' dir='ltr'><strong>ad</strong></span> <span class='ocrx_word' id='word_1_219' title='bbox 830 3674 950 3759; x_wconf 90' lang='lat' dir='ltr'><strong>proelia</strong></span> <span class='ocrx_word' id='word_1_220' title='bbox 964 3673 1051 3759; x_wconf 92' lang='lat' dir='ltr'><strong>veni,</strong></span> 
     </span>
    </p>

    <p class='ocr_par' dir='ltr' id='par_1_24' title="bbox 152 3777 1136 3970">
     <span class='ocr_line' id='line_1_33' title="bbox 153 3777 1125 3865; baseline 0.003 -22"><span class='ocrx_word' id='word_1_221' title='bbox 153 3777 174 3810; x_wconf 88' lang='lat'><em>“</em></span> <span class='ocrx_word' id='word_1_222' title='bbox 187 3778 257 3843; x_wconf 87' lang='lat' dir='ltr'><strong>Nec</strong></span> <span class='ocrx_word' id='word_1_223' title='bbox 274 3786 388 3844; x_wconf 88' lang='lat' dir='ltr'><strong>tecum</strong></span> <span class='ocrx_word' id='word_1_224' title='bbox 403 3800 495 3844; x_wconf 90' lang='lat' dir='ltr'><strong>meus</strong></span> <span class='ocrx_word' id='word_1_225' title='bbox 510 3779 590 3843; x_wconf 90' lang='lat' dir='ltr'><strong>haec</strong></span> <span class='ocrx_word' id='word_1_226' title='bbox 605 3777 732 3865; x_wconf 84' lang='lat' dir='ltr'><strong>pepigit</strong></span> <span class='ocrx_word' id='word_1_227' title='bbox 748 3778 830 3844; x_wconf 92' lang='lat' dir='ltr'><strong>mihi</strong></span> <span class='ocrx_word' id='word_1_228' title='bbox 844 3778 972 3844; x_wconf 89' lang='lat' dir='ltr'><strong>foedera</strong></span> <span class='ocrx_word' id='word_1_229' title='bbox 987 3777 1125 3846; x_wconf 79' lang='lat' dir='ltr'><strong>Lausus¹</strong></span> 
     </span>
     <span class='ocr_line' id='line_1_34' title="bbox 152 3881 1136 3970; baseline -0.001 -21"><span class='ocrx_word' id='word_1_230' title='bbox 152 3881 306 3949; x_wconf 88' lang='lat' dir='ltr'><strong>“Unum</strong></span> <span class='ocrx_word' id='word_1_231' title='bbox 321 3883 394 3967; x_wconf 85' lang='lat' dir='ltr'><strong>hoc,</strong></span> <span class='ocrx_word' id='word_1_232' title='bbox 410 3903 468 3969; x_wconf 89' lang='lat' dir='ltr'><strong>per</strong></span> <span class='ocrx_word' id='word_1_233' title='bbox 482 3883 510 3950; x_wconf 89' lang='lat' dir='ltr'><strong>si</strong></span> <span class='ocrx_word' id='word_1_234' title='bbox 526 3903 592 3968; x_wconf 89' lang='lat' dir='ltr'><strong>qua</strong></span> <span class='ocrx_word' id='word_1_235' title='bbox 607 3889 657 3949; x_wconf 90' lang='lat' dir='ltr'><strong>est</strong></span> <span class='ocrx_word' id='word_1_236' title='bbox 672 3882 768 3950; x_wconf 90' lang='lat' dir='ltr'><strong>victis</strong></span> <span class='ocrx_word' id='word_1_237' title='bbox 784 3883 878 3950; x_wconf 89' lang='lat' dir='ltr'><strong>venia</strong></span> <span class='ocrx_word' id='word_1_238' title='bbox 893 3883 1053 3970; x_wconf 86' lang='lat' dir='ltr'><strong>hostibus,</strong></span> <span class='ocrx_word' id='word_1_239' title='bbox 1071 3904 1136 3968; x_wconf 91' lang='lat' dir='ltr'><strong>oro,</strong></span> 
     </span>
    </p>
   </div>
   <div class='ocr_carea' id='block_1_3' title="bbox 0 0 1476 4522">
    <p class='ocr_par' dir='ltr' id='par_1_25' title="bbox 0 0 1476 4522">
     <span class='ocr_line' id='line_1_35' title="bbox 0 0 1476 4522; baseline 0 3"><span class='ocrx_word' id='word_1_240' title='bbox 0 0 1476 4522; x_wconf 95' lang='lat' dir='ltr'><strong> </strong></span> 
     </span>
    </p>
   </div>
  </div>
 </body>
</html>
