2898 4518
503 310 674 358 Anuumos
696 310 762 358 LIB.
787 311 861 358 VIII.
887 271 890 279 Ι

153 473 176 506 “
190 471 322 558 Dejeeit
337 493 465 557 saxum,
482 471 563 536 ferro
579 472 666 556 quod
682 479 716 535 et
731 477 802 535 arte
817 477 955 556 paterna

154 578 177 622 ‘⁴
193 578 376 661 Pendebat,
392 577 560 661 fultosque
576 576 715 641 emuniit
730 575 834 661 objice
850 583 980 661 postes;

154 685 177 718 ‘⁴
188 685 277 748 Ecce
292 683 404 747 furens
419 680 538 746 animis
554 681 667 746 aderat
684 680 887 765 Tirynthius,
905 701 1101 765 omnemque

155 789 371 854 “Accessum
385 787 529 851 lustrans
544 786 608 851 huc
624 807 680 850 ora
694 785 819 850 ferebat
835 793 868 850 et
883 785 973 868 illuc,

156 893 357 956 “Dentibus
371 890 565 956 infrendens.
614 890 679 955 Ter
694 897 804 955 totum
818 890 961 956 fervidus
976 891 1025 955 ira
1153 891 1220 956 230

155 998 328 1062 “Lustrat
343 995 504 1061 Aventini
518 1002 675 1079 montem,
693 1002 743 1060 ter
758 1017 855 1060 saxea
871 1003 982 1062 tentat

156 1104 177 1135 “
191 1101 325 1168 Limina
339 1101 574 1186 nequidquam,
592 1108 644 1165 ter
658 1101 760 1166 fessus
776 1101 860 1165 vallo
876 1101 1002 1167 resedit.

157 1206 312 1272 “Stabat
328 1213 426 1270 acuta
442 1205 538 1286 silex,
556 1204 709 1290 praecisis
724 1205 869 1289 undique
885 1204 974 1270 saxis

157 1311 375 1397 “Speluncae
390 1311 484 1377 dorso
499 1310 678 1396 insurgens,
695 1311 858 1376 altissima
873 1310 957 1395 visu,

158 1416 348 1481 “Dirarum
362 1416 447 1481 nidis
463 1417 579 1481 domus
594 1423 779 1501 opportuna
794 1417 984 1483 volucrum:
1154 1418 1219 1483 235

157 1522 179 1554 “
191 1522 299 1606 Hanc,
316 1528 355 1586 ut
371 1543 474 1608 prona
485 1520 564 1606 jugo
579 1522 709 1586 laevum
724 1521 934 1588 incumbebat
950 1524 993 1588 ad
1009 1545 1150 1608 amnem,

159 1627 180 1659 “
195 1626 323 1691 Dexter
337 1625 372 1690 in
388 1626 561 1690 adversum
576 1625 686 1690 nitens
702 1627 876 1710 concussit,
893 1635 927 1706 et
942 1626 1018 1692 imis

158 1733 178 1763 ‘⁶
191 1732 354 1796 Avlrlsam
370 1731 467 1796 solvit
482 1730 655 1814 radicibus,
672 1730 747 1796 inde
763 1741 896 1817 repente

158 1837 179 1868 “
192 1835 351 1921 Impulit,
375 1834 602 1920 impulsuque
619 1835 782 1901 maximus
798 1837 929 1902 intonat
944 1837 1068 1921 aether,

158 1941 178 1972 “
191 1939 382 2005 Dissultant
398 1939 486 2024 ripae
501 1939 673 2024 refluitque
689 1941 865 2006 exterritus
881 1941 995 2007 amnis.
1154 1942 1221 2006 240

158 2045 179 2076 “
190 2044 247 2134 At
258 2065 372 2130 specus
388 2051 422 2109 et
440 2043 520 2110 ani
535 2045 667 2109 detecta
684 2045 838 2131 apparuit
852 2045 968 2130 ingens

157 2149 179 2182 “
191 2150 307 2235 Regia,
324 2157 358 2214 et
372 2150 544 2214 umbrosae
559 2150 692 2234 penitus
707 2158 843 2235 patuere
860 2171 1025 2234 cavernae,

158 2257 181 2291 “
196 2257 274 2323 Non
290 2278 391 2341 secus,
409 2278 448 2322 ac
466 2257 494 2322 si
508 2277 574 2342 qua
589 2257 721 2342 penitus
737 2258 770 2322 vi
786 2266 872 2322 terra
887 2257 1056 2322 dehiscens

158 2361 180 2394 “
196 2361 346 2427 Infernas
360 2369 478 2427 reseret
494 2363 583 2428 sedes
598 2369 632 2427 et
647 2383 747 2447 regna
762 2361 910 2427 recludat

158 2467 181 2500 “
193 2466 336 2550 Pallida,
353 2467 402 2531 dis
418 2465 531 2551 invisa,
549 2489 710 2553 superque
725 2467 868 2532 immane
886 2468 1076 2532 barathrum
1155 2467 1220 2534 245

160 2572 183 2604 “
200 2570 371 2653 Oematur,
386 2570 618 2656 trepidantque
633 2571 778 2636 immisso
793 2572 917 2636 lumine
933 2573 1056 2638 Manes.

159 2677 284 2762 “Ergo
298 2675 464 2762 insperata
479 2678 674 2762 deprensum
690 2677 725 2742 in
741 2678 814 2742 luce
830 2685 975 2764 repente,

160 2781 428 2865 “inclusumque
445 2803 522 2845 cavo
539 2803 616 2846 saxo
632 2788 733 2866 atque
750 2782 881 2847 insueta
896 2784 1078 2865 rudentem,

160 2887 181 2919 “
196 2887 347 2970 Desuper
361 2885 495 2951 Alcides
511 2885 587 2950 telis
602 2887 731 2972 premit,
749 2887 921 2972 omniaque
938 2910 1029 2952 arma

160 2993 182 3025 “
195 2991 359 3076 Advocat,
378 2998 411 3055 et
428 2992 526 3056 ramis
541 2992 706 3076 vastisque
722 2993 899 3058 molaribus
914 2993 1026 3060 instat.
1155 2995 1222 3057 250

161 3097 258 3162 “Ille
275 3105 511 3182 autem-neque
527 3097 615 3162 enim
630 3097 709 3182 fuga
720 3096 791 3181 jam
808 3119 906 3183 super
920 3099 990 3162 ulla
1005 3097 1118 3181 pericli

161 3200 366 3266 “Faucibus
381 3202 550 3286 ingentem
565 3201 861 3266 fumum-mirabile
877 3203 985 3266 dictu-

162 3307 184 3338 “
197 3306 341 3390 Evomit,
359 3307 559 3392 involvitque
575 3307 711 3372 domum
726 3307 863 3392 caligine
880 3326 985 3387 caeca,

162 3413 184 3446 “
198 3414 415 3500 Prospectum
431 3414 570 3499 eripiens
586 3413 698 3497 oculis,
715 3414 938 3498 glomeratque
956 3412 1016 3476 sub
1033 3421 1126 3476 antro

162 3519 183 3551 “
196 3519 401 3585 Fumiferam
417 3527 547 3583 noctem
562 3517 750 3583 commixtis
764 3515 838 3601 igne
856 3515 1006 3582 tenebris.
1159 3520 1221 3581 25:51

111 3701 117 3712 ¹
164 3625 184 3658 “
198 3624 275 3690 Non
292 3624 372 3689 tulit
388 3623 522 3689 Alcides
538 3623 667 3706 animis,
686 3641 782 3705 seque
798 3621 868 3705 ipse
884 3620 1069 3707 perignem

163 3731 184 3764 ‘⁶
200 3729 383 3816 Praecipiti
393 3729 474 3814 jecit
491 3729 588 3812 saltu,
606 3749 672 3813 qua
687 3726 847 3814 plurimus
862 3728 988 3792 undem

164 3837 185 3870 “
197 3837 326 3902 Fumus
341 3835 414 3920 agit
429 3835 614 3918 nebulaque
630 3833 744 3919 ingens
760 3854 874 3918 specus
889 3840 1023 3898 aestuat
1040 3824 1120 3897 atra.

165 3944 186 3978 “
197 3944 261 4010 Hic
279 3942 405 4010 (laeum
421 3941 457 4006 in
472 3939 614 4006 tenebris
629 3939 778 4004 incendia
792 3959 877 4004 vana
892 3945 1079 4004 vomentem
