2944 4522
257 329 322 396 286
470 317 476 332 ⁴
613 345 784 394 auunrnos
807 346 872 394 nra.
897 345 957 393 xrr.

257 505 346 571 Huic
361 506 516 572 comitem
530 505 683 572 Asbuten
699 505 845 591 conjecta
860 505 992 591 cuspide
1008 505 1126 588 mittit,

258 610 459 696 Chloreaque
477 611 691 696 Sybarimque
708 611 897 696 Daretaque
914 610 1237 694 Thersilochumque,

256 715 302 780 Et
319 715 474 780 sternacis
490 715 566 800 equi
580 717 711 800 lapsum
728 716 849 780 cervice
867 716 1080 799 Thymoeten.

256 821 306 886 Ac
322 821 414 885 velut
429 820 537 885 Edoni
553 821 676 886 Boreae
692 841 796 906 quum
812 821 948 906 spiritus
964 822 1032 885 alto
1249 820 1317 886 365

256 926 392 990 Insonat
409 927 539 1010 Aegaeo
556 923 766 1010 sequiturque
782 925 824 989 ad
840 925 937 990 litora
951 925 1083 1008 fluctus,

257 1031 330 1111 Qua
345 1029 436 1094 venti
450 1029 636 1113 incubuere,
652 1029 767 1115 fugam
783 1030 864 1094 dant
881 1030 995 1094 nubila
1012 1029 1120 1096 coelo:

150 1121 159 1138 ⁸
257 1137 310 1203 Sic
327 1137 453 1218 Turno,
470 1156 676 1221 quacumque
691 1135 780 1200 viam
796 1143 895 1220 secat,
913 1135 1045 1221 agmina
1061 1135 1182 1200 cedunt

257 1242 502 1326 Conversaeque
518 1249 619 1306 ruunt
635 1241 739 1323 acies;
763 1241 826 1305 fert
842 1225 986 1326 impetus
1001 1241 1121 1326 ipsum,

255 1343 452 1412 Et'cristam
467 1348 599 1412 adverso
615 1367 711 1411 curru
726 1345 836 1430 quatit
853 1367 932 1410 aura
948 1346 1123 1412 volantem.
1249 1343 1317 1413 370

255 1451 331 1517 Non
346 1453 424 1517 tulit
440 1453 619 1518 instantem
636 1451 786 1536 Phegeus
801 1450 983 1534 animisque
998 1451 1215 1533 frementem

257 1555 387 1642 Objecit
403 1578 470 1622 sese
488 1557 531 1622 ad
547 1578 689 1640 currum,
707 1563 741 1620 et
757 1556 946 1640 spumantia
961 1556 1060 1623 frenis

257 1661 325 1728 Ora
340 1662 517 1735 citatorum
532 1662 650 1727 dextra
666 1660 802 1726 detorsit
819 1681 987 1744 equorum.

255 1767 347 1834 Dum
363 1768 508 1832 trahitur
523 1768 709 1852 pendetque
721 1765 821 1852 jugis,
839 1766 926 1831 huno
941 1766 1013 1831 lata
1028 1773 1189 1832 retectum

254 1873 384 1939 Lancea
399 1872 618 1958 consequitur,
636 1872 825 1957 rumpitque
840 1871 943 1936 infixa
958 1872 1090 1937 bilicem
1248 1867 1315 1939 375

254 1978 401 2044 Loricam
417 1986 451 2044 et
467 1998 633 2044 summum
649 1978 805 2063 degustat
821 1977 955 2042 vulnere
971 1997 1097 2062 corpus.

254 2084 316 2149 Ille
331 2091 443 2149 tamen
458 2083 562 2168 clipeo
578 2082 703 2168 objecto
719 2103 890 2148 conversus
905 2082 941 2147 in
956 2083 1084 2150 hostem

254 2189 341 2274 Ibat,
359 2196 393 2254 et
409 2188 569 2254 auxilium
585 2188 685 2253 ducto
702 2208 853 2252 mucrone
869 2187 1027 2272 petebat:

254 2295 340 2361 Cum
356 2302 427 2360 rota
442 2293 655 2380 praeeipitem
670 2300 704 2357 et
720 2313 876 2378 procursu
891 2291 1037 2357 concitus
1053 2291 1124 2357 axis

253 2399 394 2486 Impulit
410 2398 614 2483 effunditque
631 2399 706 2482 sole,
725 2398 921 2482 Turnusque
938 2406 1069 2463 secutus
1249 2399 1317 2464 380

253 2505 362 2570 Imam
377 2505 463 2570 inter
477 2506 605 2590 galeam
622 2503 742 2570 summi
754 2503 895 2570 thoracis
911 2511 945 2568 et
962 2525 1032 2570 oras

148 2631 149 2636 ¹
253 2609 403 2674 Abstulit
419 2630 493 2673 ense
509 2617 621 2694 caput,
639 2617 866 2692 truncumque,
875 2609 1008 2694 reliquit
1023 2630 1148 2676 arenae.

319 2713 432 2799 Atque
450 2735 487 2778 ea
503 2716 583 2779 dum
600 2714 724 2799 campis
741 2714 843 2780 victor
858 2715 916 2779 dat
932 2714 1046 2779 funera
1063 2715 1215 2799 Turnus-5

252 2817 383 2883 Interea
395 2817 531 2882 Aenean
549 2817 741 2883 Mnestheus
757 2826 790 2883 et
806 2819 891 2884 fidus
907 2818 1054 2884 Achates

251 2921 479 3006 Ascaniusque
496 2944 602 2987 comes
619 2923 732 2988 castris
750 2929 895 2988 statuere
912 2932 1096 3008 cruentum,
1248 2925 1315 2993 385

251 3029 406 3094 Altemos
422 3028 518 3114 longa
530 3028 693 3094 nitentem
709 3029 844 3114 cuspide
860 3051 1010 3115 gressus·

253 3134 376 3219 Saevit,
390 3142 424 3199 et
439 3133 578 3199 infracta
593 3134 741 3200 luctatur
756 3135 916 3199 arundine
932 3136 1038 3200 telum

250 3241 394 3327 Eripere,
411 3241 598 3325 auxilioque
614 3241 711 3325 viam,
726 3262 811 3325 quae
827 3241 988 3326 proxima,
1005 3241 1132 3327 poscit:

250 3346 339 3412 Ense
355 3353 465 3411 secent
475 3346 550 3411 lato
566 3345 696 3430 vulnus,
715 3346 839 3430 telique
854 3346 1016 3410 latebram

120 3511 123 3518 .
146 3460 152 3474 “
251 3451 451 3516 Rescindant
466 3452 607 3537 penitus,
626 3472 758 3536 seseque
773 3451 809 3515 in
823 3451 909 3516 bella
924 3451 1107 3520 remittant.
1249 3453 1314 3519 390

249 3555 394 3640 Jamque
410 3558 522 3622 aderat
540 3557 671 3622 Phoebo
687 3565 764 3622 ante
780 3557 859 3621 alios
876 3557 1016 3622 dilectus
1033 3557 1123 3644 Iapis

250 3659 385 3743 Iasides,
403 3661 469 3724 acri
485 3661 651 3745 quondam
667 3661 720 3725 cui
736 3667 852 3746 captus
869 3682 977 3726 amore

252 3764 325 3849 Ipse
342 3787 416 3830 suas
432 3773 529 3849 artes,
547 3787 606 3830 sua
621 3787 765 3848 munera,
782 3766 890 3830 laetus
906 3765 1028 3850 Apollo

249 3870 436 3956 Augurium
453 3871 678 3955 citharamque
694 3870 795 3935 dabat
812 3870 994 3955 celeresque
1011 3871 1151 3957 sagittas
1166 3892 1176 3955 ;

249 3974 321 4058 Ille,
338 3983 377 4040 ut
390 3973 529 4058 depositi
545 3973 700 4058 proferret
716 3973 786 4038 fata
801 3975 956 4059 parentis,
1245 3977 1310 4044 395
