2944 4522
238 333 303 401 268
357 389 359 394 .
596 349 769 396 nnunrnos
792 350 857 398 nm.
883 337 932 398 xr.¹

240 513 349 598 Isque,
366 511 424 577 ubi
439 531 473 577 se
489 511 579 576 nullo
591 510 662 597 jam
678 532 776 577 cursu
790 510 925 575 evadere
941 530 1071 597 pugnae

240 619 339 685 Posse
356 639 459 704 neque
475 617 659 682 instantem
674 616 821 702 reginam
836 623 980 681 avertere
992 615 1107 700 cernit,

242 723 384 789 Consilio
398 743 523 788 versare
539 721 627 787 dolos
642 722 806 808 ingressus
823 729 856 786 et
872 729 948 786 astu

242 827 364 913 Incipit
379 827 479 894 haec:
507 825 628 908 “Quid
644 834 715 891 tem
730 825 907 912 egregium,
925 825 952 892 si
967 824 1088 890 femina
1101 824 1177 890 forti
1238 821 1307 891 705

243 932 370 998 “Fidis
386 935 499 1018 equo?
549 932 691 997 Dimitte
706 932 831 1018 fugam,
848 939 883 996 et
899 939 932 996 te
948 930 1131 996 comminus
1146 951 1252 1016 aequo

244 1040 409 1106 “Mecum
424 1041 517 1105 crede
533 1040 609 1123 s010,
627 1058 820 1125 pugnaeque
836 1038 968 1124 accinge
985 1037 1146 1123 pedestri:
1362 1019 1366 1028 ’

245 1144 266 1179 “
277 1145 301 1210 J
304 1167 357 1210 em
373 1165 493 1228 nosces,
509 1151 644 1209 ventosa
659 1143 742 1208 ferat
759 1143 812 1208 cui
827 1143 928 1228 gloria
944 1142 1125 1208 fraudem.''

245 1249 361 1334 Dixit;
385 1257 421 1316 at
437 1250 495 1314 illa
508 1249 619 1314 furens
634 1249 764 1333 acrique
779 1270 915 1314 accense
931 1249 1039 1314 dolore

245 1355 362 1422 Tradit
378 1377 501 1442 equum
517 1355 639 1442 comiti,
655 1355 853 1440 paribusque
870 1355 992 1419 resistit
1008 1353 1044 1418 in
1058 1353 1169 1438 armis,
1239 1347 1307 1418 Ι710

244 1463 332 1530 Ense
347 1464 445 1549 pedes
457 1464 555 1548 nude,
572 1483 718 1547 puraque
734 1460 883 1526 interrita
899 1481 1022 1546 parma.

245 1570 294 1636 At
306 1569 447 1656 juvenis,
464 1570 576 1635 vicisse
593 1569 666 1634 dolo
682 1575 782 1652 ratus,
800 1568 909 1632 avolat
924 1567 1005 1652 ipse,

247 1674 347 1740 Haud
362 1696 461 1758 mora,
478 1674 700 1758 conversisque
712 1673 815 1758 fugax
831 1672 977 1737 aufertur
990 1670 1137 1754 habenis,

247 1781 563 1866 Quadrupedemque
580 1778 683 1844 citum
699 1778 820 1843 ferrata
836 1778 923 1842 calce
938 1777 1067 1863 fatigat.

249 1884 271 1918 “
284 1883 379 1950 Vane
394 1884 497 1971 Ligus
512 1883 695 1968 frustraque
712 1882 829 1947 animis
845 1883 931 1947 elate
947 1881 1104 1967 superbis,
1242 1876 1309 1947 715

249 1989 270 2024 “
282 1989 515 2076 Nequidquam
531 1989 655 2074 patrias
671 1989 810 2054 tentasti
825 1988 970 2053 lubricus
986 1993 1084 2071 artes,

249 2095 270 2130 “
283 2095 354 2161 Nec
370 2095 459 2160 fraus
473 2101 507 2160 te
523 2095 718 2159 incolumem
732 2093 841 2159 fallaci
857 2093 993 2178 perferet
1009 2092 1136 2159 Ann0.''

250 2200 341 2266 Haec
356 2201 448 2266 fatur
462 2199 563 2286 virgo,
577 2208 610 2265 et
626 2199 811 2285 pernicibus
827 2199 922 2285 ignea
938 2198 1062 2284 plantis

250 2305 382 2371 Transit
398 2301 518 2390 e'quum
534 2326 642 2389 cursu,
659 2303 820 2388 frenisque
837 2304 972 2368 adversa
987 2301 1154 2388 prehensis

251 2409 470 2496 Congreditur
484 2431 668 2496 poenasque
684 2409 816 2474 inimico
833 2431 875 2474 ex
890 2409 1048 2494 sanguine
1065 2408 1184 2474 sumit:
1244 2403 1311 2474 '720
1349 2413 1353 2420 '

251 2515 359 2597 Quam
373 2515 466 2580 facile
482 2515 637 2601 accipiter
653 2537 730 2581 saxo
746 2537 835 2580 sacer
851 2515 918 2580 ales
935 2515 977 2579 ab
993 2515 1062 2579 alto

252 2620 471 2704 Consequitur
484 2620 599 2705 pennis
616 2621 789 2685 sublimem
804 2620 840 2684 in
855 2621 942 2685 nube
959 2620 1153 2704 columbam,

252 2725 550 2810 Comprensamque
566 2733 659 2790 tenet
674 2726 876 2811 pedibusque
892 2724 1050 2790 eviscerat
1064 2725 1177 2808 uncis;

252 2830 341 2895 Tum
356 2849 448 2894 cruor
462 2836 496 2893 et
513 2829 623 2894 vulsae
637 2829 796 2894 labuntur
810 2829 852 2894 ab
867 2829 999 2894 aethere
1014 2829 1154 2915 plumae.

320 2934 369 3000 At
385 2955 450 2999 non
465 2934 544 3000 haee
561 2934 661 3000 nullis
676 2935 846 3000 hominum
863 2942 950 3000 sator
965 2943 1065 3020 atque
1080 2936 1215 3000 deorum
1248 2931 1314 3003 '725

254 3039 436 3106 Observans
452 3038 553 3104 oculis
569 3061 698 3104 summo
714 3041 805 3106 sedet
821 3041 909 3105 altus
928 3039 1078 3126 Olympo.

254 3143 459 3229 Tyrrhenum
474 3143 602 3229 genitor
618 3142 820 3209 Tarchonem
835 3145 870 3209 in
886 3145 1007 3230 proelia
1024 3167 1119 3211 saeva

255 3249 409 3333 suscitat,
426 3256 460 3313 et
476 3247 616 3314 stimulis
631 3247 720 3312 haud
733 3248 887 3314 mollibus
904 3249 1009 3333 injicit
1024 3249 1097 3316 iras.
1172 3296 1175 3302 -

254 3353 341 3440 Ergo
356 3353 443 3418 inter
458 3354 572 3419 caedes
588 3353 802 3437 cedentiaque
818 3355 950 3439 agmina
966 3355 1115 3420 Tarchon

255 3459 377 3530 Fertur
391 3481 484 3545 equo,
501 3460 662 3545 variisque
677 3459 815 3546 instigat
831 3461 963 3526 vocibus
979 3463 1058 3545 alas,
1251 3460 1317 3532 ‘730

255 3563 397 3630 Nomine
413 3584 576 3649 quemque
590 3585 720 3648 vocans,
737 3564 905 3648 reficitque
921 3565 956 3628 in
971 3567 1093 3650 proelia
1107 3567 1227 3652 pulsos.

257 3668 278 3703 “
292 3667 372 3750 Quis
387 3675 506 3752 metus,
524 3690 542 3734 ο
558 3689 739 3753 numquam
754 3669 900 3754 dolituri,
918 3692 936 3735 o
953 3691 1079 3756 semper
1092 3671 1214 3738 inertes

258 3771 279 3807 “
291 3771 460 3856 Tyrrheni,
477 3793 561 3856 quae
577 3781 673 3870 tenta
689 3773 806 3838 animis
821 3773 955 3859 ignavia
970 3776 1061 3840 venit
1077 3778 1093 3842 ?

259 3876 431 3942 “Femina
446 3877 594 3962 palantes
610 3879 679 3964 agit
695 3886 795 3963 atque
811 3878 891 3944 haec
907 3881 1040 3966 agmina
1054 3881 1185 3949 vertit?

209 3995 219 4012 “
259 3981 281 4014 “
295 3982 366 4064 Quo
381 3979 512 4064 ferrum,
526 3981 644 4066 quidve
659 3982 738 4048 haec
754 3983 896 4068 gerimus
908 3985 976 4050 tela
990 3985 1081 4051 irrite
1091 3987 1241 4056 dextris?
1255 3985 1320 4058 735
