<?xml version="1.0" encoding="UTF-8"?>
<!DOCTYPE html PUBLIC "-//W3C//DTD XHTML 1.0 Transitional//EN"
    "http://www.w3.org/TR/xhtml1/DTD/xhtml1-transitional.dtd">
<html xmlns="http://www.w3.org/1999/xhtml" xml:lang="en" lang="en">
 <head>
  <title>
</title>
<meta http-equiv="Content-Type" content="text/html;charset=utf-8" />
  <meta name='ocr-system' content='tesseract 3.04.00' />
  <meta name='ocr-capabilities' content='ocr_page ocr_carea ocr_par ocr_line ocrx_word'/>
</head>
<body>
  <div class='ocr_page' id='page_1' title='image "./virgilsaeneidwi00virggoog_0206.png"; bbox 0 0 2898 4518; ppageno 0'>
   <div class='ocr_carea' id='block_1_1' title="bbox 249 309 948 376">
    <p class='ocr_par' dir='ltr' id='par_1_1' title="bbox 249 309 948 376">
     <span class='ocr_line' id='line_1_1' title="bbox 249 309 948 376; baseline 0.009 -6"><span class='ocrx_word' id='word_1_1' title='bbox 249 309 312 374; x_wconf 76' lang='lat'>182</span> <span class='ocrx_word' id='word_1_2' title='bbox 593 327 763 374; x_wconf 77' lang='lat' dir='ltr'>auusruos</span> <span class='ocrx_word' id='word_1_3' title='bbox 786 328 851 376; x_wconf 81' lang='lat' dir='ltr'>nra.</span> <span class='ocrx_word' id='word_1_4' title='bbox 877 328 948 376; x_wconf 88' lang='lat' dir='ltr'>v111.</span> 
     </span>
    </p>
   </div>
   <div class='ocr_carea' id='block_1_2' title="bbox 246 483 1306 3096">
    <p class='ocr_par' dir='ltr' id='par_1_2' title="bbox 248 483 1146 676">
     <span class='ocr_line' id='line_1_2' title="bbox 249 483 1146 572; baseline 0.004 -24"><span class='ocrx_word' id='word_1_5' title='bbox 249 483 270 517; x_wconf 91' lang='lat'><strong><em>“</em></strong></span> <span class='ocrx_word' id='word_1_6' title='bbox 284 485 373 549; x_wconf 77' lang='lat' dir='ltr'>Tum</span> <span class='ocrx_word' id='word_1_7' title='bbox 389 506 506 550; x_wconf 90' lang='lat' dir='ltr'>manus</span> <span class='ocrx_word' id='word_1_8' title='bbox 521 485 671 551; x_wconf 90' lang='lat' dir='ltr'>Ausonia</span> <span class='ocrx_word' id='word_1_9' title='bbox 687 494 721 551; x_wconf 91' lang='lat' dir='ltr'>et</span> <span class='ocrx_word' id='word_1_10' title='bbox 736 493 850 572; x_wconf 82' lang='lat' dir='ltr'><strong>gentes</strong></span> <span class='ocrx_word' id='word_1_11' title='bbox 866 507 979 550; x_wconf 87' lang='lat' dir='ltr'>venere</span> <span class='ocrx_word' id='word_1_12' title='bbox 997 486 1146 568; x_wconf 79' lang='lat' dir='ltr'>Sicanae,</span> 
     </span>
     <span class='ocr_line' id='line_1_3' title="bbox 248 587 1036 676; baseline 0.001 -22"><span class='ocrx_word' id='word_1_13' title='bbox 248 587 420 675; x_wconf 84' lang='lat' dir='ltr'>“Saepius</span> <span class='ocrx_word' id='word_1_14' title='bbox 436 597 469 654; x_wconf 89' lang='lat' dir='ltr'>et</span> <span class='ocrx_word' id='word_1_15' title='bbox 486 611 604 654; x_wconf 89' lang='lat' dir='ltr'>nomeu</span> <span class='ocrx_word' id='word_1_16' title='bbox 620 591 729 676; x_wconf 77' lang='lat' dir='ltr'>posuit</span> <span class='ocrx_word' id='word_1_17' title='bbox 746 591 902 657; x_wconf 78' lang='lat' dir='ltr'>Saturnia</span> <span class='ocrx_word' id='word_1_18' title='bbox 916 590 1016 655; x_wconf 88' lang='lat' dir='ltr'>tellus</span> <span class='ocrx_word' id='word_1_19' title='bbox 1029 611 1036 670; x_wconf 91' lang='lat'>;</span> 
     </span>
    </p>

    <p class='ocr_par' dir='ltr' id='par_1_3' title="bbox 248 693 1306 885">
     <span class='ocr_line' id='line_1_4' title="bbox 248 693 1306 780; baseline 0.003 -23"><span class='ocrx_word' id='word_1_20' title='bbox 248 694 269 726; x_wconf 90' lang='lat'><strong>“</strong></span> <span class='ocrx_word' id='word_1_21' title='bbox 283 693 370 758; x_wconf 81' lang='lat' dir='ltr'>Tum</span> <span class='ocrx_word' id='word_1_22' title='bbox 386 715 484 780; x_wconf 89' lang='lat' dir='ltr'>reges,</span> <span class='ocrx_word' id='word_1_23' title='bbox 502 715 660 779; x_wconf 88' lang='lat' dir='ltr'>asperque</span> <span class='ocrx_word' id='word_1_24' title='bbox 668 695 812 760; x_wconf 89' lang='lat' dir='ltr'>&#39;immani</span> <span class='ocrx_word' id='word_1_25' title='bbox 827 716 956 779; x_wconf 89' lang='lat' dir='ltr'>corpore</span> <span class='ocrx_word' id='word_1_26' title='bbox 974 695 1123 779; x_wconf 81' lang='lat' dir='ltr'><strong>Thybris,</strong></span> <span class='ocrx_word' id='word_1_27' title='bbox 1239 695 1306 760; x_wconf 89' lang='lat'>330</span> 
     </span>
     <span class='ocr_line' id='line_1_5' title="bbox 248 798 1107 885; baseline 0.002 -23"><span class='ocrx_word' id='word_1_28' title='bbox 248 798 312 862; x_wconf 90' lang='lat' dir='ltr'>“A</span> <span class='ocrx_word' id='word_1_29' title='bbox 328 820 392 883; x_wconf 91' lang='lat' dir='ltr'>quo</span> <span class='ocrx_word' id='word_1_30' title='bbox 406 807 480 884; x_wconf 92' lang='lat' dir='ltr'>post</span> <span class='ocrx_word' id='word_1_31' title='bbox 496 799 575 864; x_wconf 86' lang='lat' dir='ltr'>Itali</span> <span class='ocrx_word' id='word_1_32' title='bbox 589 799 727 864; x_wconf 90' lang='lat' dir='ltr'>fluvium</span> <span class='ocrx_word' id='word_1_33' title='bbox 743 800 932 885; x_wconf 84' lang='lat' dir='ltr'>cognomine</span> <span class='ocrx_word' id='word_1_34' title='bbox 950 800 1107 884; x_wconf 80' lang='lat' dir='ltr'>Thybrim</span> 
     </span>
    </p>

    <p class='ocr_par' dir='ltr' id='par_1_4' title="bbox 248 903 1111 973">
     <span class='ocr_line' id='line_1_6' title="bbox 248 903 1111 973; baseline 0.003 -5"><span class='ocrx_word' id='word_1_35' title='bbox 248 903 269 936; x_wconf 90' lang='lat'><strong>“</strong></span> <span class='ocrx_word' id='word_1_36' title='bbox 283 903 457 970; x_wconf 84' lang='lat' dir='ltr'>Diximus:</span> <span class='ocrx_word' id='word_1_37' title='bbox 482 903 592 969; x_wconf 89' lang='lat' dir='ltr'>amisit</span> <span class='ocrx_word' id='word_1_38' title='bbox 607 926 721 968; x_wconf 86' lang='lat' dir='ltr'>verum</span> <span class='ocrx_word' id='word_1_39' title='bbox 735 913 830 970; x_wconf 87' lang='lat' dir='ltr'>vetus</span> <span class='ocrx_word' id='word_1_40' title='bbox 845 905 969 970; x_wconf 81' lang='lat' dir='ltr'><strong>Albula</strong></span> <span class='ocrx_word' id='word_1_41' title='bbox 985 927 1111 973; x_wconf 88' lang='lat' dir='ltr'>nomeu.</span> 
     </span>
    </p>

    <p class='ocr_par' dir='ltr' id='par_1_5' title="bbox 247 1009 1164 1198">
     <span class='ocr_line' id='line_1_7' title="bbox 247 1009 1164 1096; baseline 0.005 -24"><span class='ocrx_word' id='word_1_42' title='bbox 247 1009 268 1041; x_wconf 88' lang='lat'>“</span> <span class='ocrx_word' id='word_1_43' title='bbox 283 1009 338 1074; x_wconf 92' lang='lat' dir='ltr'>Me</span> <span class='ocrx_word' id='word_1_44' title='bbox 354 1009 487 1095; x_wconf 92' lang='lat' dir='ltr'>pulsum</span> <span class='ocrx_word' id='word_1_45' title='bbox 502 1009 609 1094; x_wconf 88' lang='lat' dir='ltr'>patria</span> <span class='ocrx_word' id='word_1_46' title='bbox 625 1010 794 1095; x_wconf 75' lang='lat' dir='ltr'>pelagique</span> <span class='ocrx_word' id='word_1_47' title='bbox 811 1018 958 1074; x_wconf 87' lang='lat' dir='ltr'>extrema</span> <span class='ocrx_word' id='word_1_48' title='bbox 974 1019 1164 1096; x_wconf 74' lang='lat' dir='ltr'>sequentem</span> 
     </span>
     <span class='ocr_line' id='line_1_8' title="bbox 247 1112 1045 1198; baseline 0.003 -21"><span class='ocrx_word' id='word_1_49' title='bbox 247 1112 428 1178; x_wconf 85' lang='lat' dir='ltr'>“Fortuna</span> <span class='ocrx_word' id='word_1_50' title='bbox 444 1113 647 1198; x_wconf 89' lang='lat' dir='ltr'>omnipotens</span> <span class='ocrx_word' id='word_1_51' title='bbox 663 1122 697 1178; x_wconf 89' lang='lat' dir='ltr'>et</span> <span class='ocrx_word' id='word_1_52' title='bbox 712 1114 922 1179; x_wconf 86' lang='lat' dir='ltr'>ineluctabile</span> <span class='ocrx_word' id='word_1_53' title='bbox 937 1113 1045 1180; x_wconf 85' lang='lat' dir='ltr'>fatum</span> 
     </span>
    </p>

    <p class='ocr_par' dir='ltr' id='par_1_6' title="bbox 247 1217 1300 1516">
     <span class='ocr_line' id='line_1_9' title="bbox 248 1217 1300 1304; baseline 0.007 -23"><span class='ocrx_word' id='word_1_54' title='bbox 248 1217 343 1282; x_wconf 86' lang='lat' dir='ltr'>“His</span> <span class='ocrx_word' id='word_1_55' title='bbox 360 1238 493 1303; x_wconf 85' lang='lat' dir='ltr'>posuere</span> <span class='ocrx_word' id='word_1_56' title='bbox 508 1218 596 1301; x_wconf 91' lang='lat' dir='ltr'>locis,</span> <span class='ocrx_word' id='word_1_57' title='bbox 615 1218 791 1301; x_wconf 88' lang='lat' dir='ltr'>matrisque</span> <span class='ocrx_word' id='word_1_58' title='bbox 808 1239 898 1304; x_wconf 87' lang='lat' dir='ltr'>egere</span> <span class='ocrx_word' id='word_1_59' title='bbox 915 1221 1084 1285; x_wconf 90' lang='lat' dir='ltr'>tremenda</span> <span class='ocrx_word' id='word_1_60' title='bbox 1234 1224 1300 1289; x_wconf 87' lang='lat'>335</span> 
     </span>
     <span class='ocr_line' id='line_1_10' title="bbox 248 1323 1227 1412; baseline 0.004 -23"><span class='ocrx_word' id='word_1_61' title='bbox 248 1323 269 1355; x_wconf 87' lang='lat'><strong><em>“</em></strong></span> <span class='ocrx_word' id='word_1_62' title='bbox 284 1323 467 1389; x_wconf 81' lang='lat' dir='ltr'>Carmentis</span> <span class='ocrx_word' id='word_1_63' title='bbox 484 1323 647 1408; x_wconf 88' lang='lat' dir='ltr'>nymphae</span> <span class='ocrx_word' id='word_1_64' title='bbox 662 1324 788 1388; x_wconf 90' lang='lat' dir='ltr'>monita</span> <span class='ocrx_word' id='word_1_65' title='bbox 803 1331 837 1388; x_wconf 92' lang='lat' dir='ltr'>et</span> <span class='ocrx_word' id='word_1_66' title='bbox 851 1325 930 1389; x_wconf 87' lang='lat' dir='ltr'>deus</span> <span class='ocrx_word' id='word_1_67' title='bbox 947 1333 1061 1390; x_wconf 83' lang='lat' dir='ltr'>auctor</span> <span class='ocrx_word' id='word_1_68' title='bbox 1076 1326 1227 1412; x_wconf 86' lang='lat' dir='ltr'>Apoll0.’&#39;</span> 
     </span>
     <span class='ocr_line' id='line_1_11' title="bbox 247 1427 1190 1516; baseline 0.005 -24"><span class='ocrx_word' id='word_1_69' title='bbox 247 1427 316 1492; x_wconf 83' lang='lat' dir='ltr'>Vix</span> <span class='ocrx_word' id='word_1_70' title='bbox 331 1449 369 1492; x_wconf 91' lang='lat' dir='ltr'>ea</span> <span class='ocrx_word' id='word_1_71' title='bbox 384 1427 493 1510; x_wconf 80' lang='lat' dir='ltr'>dicta3</span> <span class='ocrx_word' id='word_1_72' title='bbox 518 1428 635 1494; x_wconf 91' lang='lat' dir='ltr'>dehinc</span> <span class='ocrx_word' id='word_1_73' title='bbox 651 1450 846 1515; x_wconf 89' lang='lat' dir='ltr'>progressus,</span> <span class='ocrx_word' id='word_1_74' title='bbox 863 1437 1023 1495; x_wconf 89' lang='lat' dir='ltr'>monstrat</span> <span class='ocrx_word' id='word_1_75' title='bbox 1040 1439 1074 1496; x_wconf 90' lang='lat' dir='ltr'>et</span> <span class='ocrx_word' id='word_1_76' title='bbox 1090 1453 1190 1516; x_wconf 89' lang='lat' dir='ltr'>aram,</span> 
     </span>
    </p>

    <p class='ocr_par' dir='ltr' id='par_1_7' title="bbox 246 1533 994 1619">
     <span class='ocr_line' id='line_1_12' title="bbox 246 1533 994 1619; baseline 0.001 -21"><span class='ocrx_word' id='word_1_77' title='bbox 246 1533 292 1598; x_wconf 81' lang='lat' dir='ltr'>Et</span> <span class='ocrx_word' id='word_1_78' title='bbox 309 1533 550 1600; x_wconf 78' lang='lat' dir='ltr'>Carmentalem</span> <span class='ocrx_word' id='word_1_79' title='bbox 565 1534 705 1598; x_wconf 89' lang='lat' dir='ltr'>Romani</span> <span class='ocrx_word' id='word_1_80' title='bbox 719 1535 849 1598; x_wconf 90' lang='lat' dir='ltr'>nomine</span> <span class='ocrx_word' id='word_1_81' title='bbox 865 1542 994 1619; x_wconf 90' lang='lat' dir='ltr'>portam</span> 
     </span>
    </p>

    <p class='ocr_par' dir='ltr' id='par_1_8' title="bbox 247 1637 1304 1934">
     <span class='ocr_line' id='line_1_13' title="bbox 247 1637 1288 1726; baseline 0.007 -26"><span class='ocrx_word' id='word_1_82' title='bbox 247 1637 355 1718; x_wconf 80' lang='lat' dir='ltr'>Quam</span> <span class='ocrx_word' id='word_1_83' title='bbox 371 1645 567 1720; x_wconf 89' lang='lat' dir='ltr'>memorant,</span> <span class='ocrx_word' id='word_1_84' title='bbox 585 1638 749 1724; x_wconf 83' lang='lat' dir='ltr'>nymphae</span> <span class='ocrx_word' id='word_1_85' title='bbox 766 1638 908 1724; x_wconf 90' lang='lat' dir='ltr'>priscum</span> <span class='ocrx_word' id='word_1_86' title='bbox 925 1639 1108 1706; x_wconf 75' lang='lat' dir='ltr'>Carmentis</span> <span class='ocrx_word' id='word_1_87' title='bbox 1123 1641 1288 1726; x_wconf 87' lang='lat' dir='ltr'>bonorem,</span> 
     </span>
     <span class='ocr_line' id='line_1_14' title="bbox 248 1741 1304 1828; baseline 0.006 -24"><span class='ocrx_word' id='word_1_88' title='bbox 248 1741 344 1807; x_wconf 91' lang='lat' dir='ltr'>Vatis</span> <span class='ocrx_word' id='word_1_89' title='bbox 360 1742 522 1827; x_wconf 77' lang='lat' dir='ltr'>fatidicae,</span> <span class='ocrx_word' id='word_1_90' title='bbox 540 1743 657 1808; x_wconf 88' lang='lat' dir='ltr'>cecinit</span> <span class='ocrx_word' id='word_1_91' title='bbox 673 1763 757 1827; x_wconf 89' lang='lat' dir='ltr'>quae</span> <span class='ocrx_word' id='word_1_92' title='bbox 773 1743 879 1828; x_wconf 90' lang='lat' dir='ltr'>prima</span> <span class='ocrx_word' id='word_1_93' title='bbox 894 1741 1021 1808; x_wconf 81' lang='lat' dir='ltr'>futuros</span> <span class='ocrx_word' id='word_1_94' title='bbox 1239 1746 1304 1810; x_wconf 88' lang='lat'>340</span> 
     </span>
     <span class='ocr_line' id='line_1_15' title="bbox 247 1846 975 1934; baseline 0.005 -23"><span class='ocrx_word' id='word_1_95' title='bbox 247 1846 418 1913; x_wconf 85' lang='lat' dir='ltr'>Aeneadas</span> <span class='ocrx_word' id='word_1_96' title='bbox 433 1870 568 1934; x_wconf 91' lang='lat' dir='ltr'>magnos</span> <span class='ocrx_word' id='word_1_97' title='bbox 583 1856 617 1913; x_wconf 87' lang='lat' dir='ltr'>et</span> <span class='ocrx_word' id='word_1_98' title='bbox 634 1849 740 1913; x_wconf 91' lang='lat' dir='ltr'>nobile</span> <span class='ocrx_word' id='word_1_99' title='bbox 757 1848 975 1915; x_wconf 88' lang='lat' dir='ltr'>Pallanteum.</span> 
     </span>
    </p>

    <p class='ocr_par' dir='ltr' id='par_1_9' title="bbox 247 1951 1220 2248">
     <span class='ocr_line' id='line_1_16' title="bbox 247 1951 1220 2038; baseline 0.004 -24"><span class='ocrx_word' id='word_1_100' title='bbox 247 1951 335 2018; x_wconf 91' lang='lat' dir='ltr'>Hinc</span> <span class='ocrx_word' id='word_1_101' title='bbox 352 1952 465 2018; x_wconf 92' lang='lat' dir='ltr'>lucum</span> <span class='ocrx_word' id='word_1_102' title='bbox 480 1953 656 2037; x_wconf 87' lang='lat' dir='ltr'>ingentem,</span> <span class='ocrx_word' id='word_1_103' title='bbox 673 1974 773 2037; x_wconf 90' lang='lat' dir='ltr'>quem</span> <span class='ocrx_word' id='word_1_104' title='bbox 790 1953 948 2018; x_wconf 88' lang='lat' dir='ltr'>Romulus</span> <span class='ocrx_word' id='word_1_105' title='bbox 963 1975 1037 2018; x_wconf 87' lang='lat' dir='ltr'>acer</span> <span class='ocrx_word' id='word_1_106' title='bbox 1051 1953 1193 2038; x_wconf 84' lang='lat' dir='ltr'>Asylum</span> <span class='ocrx_word' id='word_1_107' title='bbox 1218 1979 1220 1983; x_wconf 93' lang='lat'>·</span> 
     </span>
     <span class='ocr_line' id='line_1_17' title="bbox 247 2057 1215 2145; baseline 0.002 -24"><span class='ocrx_word' id='word_1_108' title='bbox 247 2057 388 2143; x_wconf 87' lang='lat' dir='ltr'>Retulit,</span> <span class='ocrx_word' id='word_1_109' title='bbox 406 2066 440 2123; x_wconf 90' lang='grc'>11</span> <span class='ocrx_word' id='word_1_110' title='bbox 456 2059 564 2145; x_wconf 89' lang='lat' dir='ltr'>gelida</span> <span class='ocrx_word' id='word_1_111' title='bbox 578 2067 740 2124; x_wconf 89' lang='lat' dir='ltr'>monstrat</span> <span class='ocrx_word' id='word_1_112' title='bbox 756 2060 817 2124; x_wconf 92' lang='lat' dir='ltr'>sub</span> <span class='ocrx_word' id='word_1_113' title='bbox 833 2080 912 2144; x_wconf 89' lang='lat' dir='ltr'>rupe</span> <span class='ocrx_word' id='word_1_114' title='bbox 931 2059 1098 2144; x_wconf 83' lang='lat' dir='ltr'>Lupercal,</span> <span class='ocrx_word' id='word_1_115' title='bbox 1211 2085 1215 2093; x_wconf 94' lang='lat'>·</span> 
     </span>
     <span class='ocr_line' id='line_1_18' title="bbox 247 2163 996 2248; baseline 0.003 -22"><span class='ocrx_word' id='word_1_116' title='bbox 247 2163 418 2229; x_wconf 89' lang='lat' dir='ltr'>Parrhasio</span> <span class='ocrx_word' id='word_1_117' title='bbox 433 2164 560 2229; x_wconf 91' lang='lat' dir='ltr'>dictum</span> <span class='ocrx_word' id='word_1_118' title='bbox 577 2164 683 2229; x_wconf 88' lang='lat' dir='ltr'>Panos</span> <span class='ocrx_word' id='word_1_119' title='bbox 698 2165 738 2228; x_wconf 94' lang='lat' dir='ltr'>de</span> <span class='ocrx_word' id='word_1_120' title='bbox 751 2185 837 2228; x_wconf 88' lang='lat' dir='ltr'>more</span> <span class='ocrx_word' id='word_1_121' title='bbox 854 2163 973 2248; x_wconf 87' lang='lat' dir='ltr'>Lycaei</span> <span class='ocrx_word' id='word_1_122' title='bbox 987 2185 996 2245; x_wconf 88' lang='lat'>;</span> 
     </span>
    </p>

    <p class='ocr_par' dir='ltr' id='par_1_10' title="bbox 246 2266 1303 2458">
     <span class='ocr_line' id='line_1_19' title="bbox 246 2266 1303 2354; baseline 0.006 -24"><span class='ocrx_word' id='word_1_123' title='bbox 246 2266 315 2332; x_wconf 90' lang='lat' dir='ltr'>Nec</span> <span class='ocrx_word' id='word_1_124' title='bbox 331 2290 396 2333; x_wconf 91' lang='lat' dir='ltr'>non</span> <span class='ocrx_word' id='word_1_125' title='bbox 412 2276 445 2333; x_wconf 88' lang='lat' dir='ltr'>et</span> <span class='ocrx_word' id='word_1_126' title='bbox 461 2269 542 2334; x_wconf 91' lang='lat' dir='ltr'>sacri</span> <span class='ocrx_word' id='word_1_127' title='bbox 556 2274 715 2334; x_wconf 91' lang='lat' dir='ltr'>monstrat</span> <span class='ocrx_word' id='word_1_128' title='bbox 732 2289 846 2332; x_wconf 89' lang='lat' dir='ltr'>nemus</span> <span class='ocrx_word' id='word_1_129' title='bbox 861 2267 1012 2354; x_wconf 83' lang='lat' dir='ltr'>Argileti,</span> <span class='ocrx_word' id='word_1_130' title='bbox 1237 2269 1303 2337; x_wconf 89' lang='lat'>345</span> 
     </span>
     <span class='ocr_line' id='line_1_20' title="bbox 247 2370 1131 2458; baseline 0.005 -24"><span class='ocrx_word' id='word_1_131' title='bbox 247 2370 467 2457; x_wconf 84' lang='lat' dir='ltr'>Testaturquc</span> <span class='ocrx_word' id='word_1_132' title='bbox 482 2373 590 2438; x_wconf 92' lang='lat' dir='ltr'>locum</span> <span class='ocrx_word' id='word_1_133' title='bbox 606 2380 640 2437; x_wconf 93' lang='lat' dir='ltr'>et</span> <span class='ocrx_word' id='word_1_134' title='bbox 655 2373 761 2437; x_wconf 85' lang='lat' dir='ltr'>letum</span> <span class='ocrx_word' id='word_1_135' title='bbox 776 2373 870 2437; x_wconf 89' lang='lat' dir='ltr'>docet</span> <span class='ocrx_word' id='word_1_136' title='bbox 886 2371 1024 2457; x_wconf 89' lang='lat' dir='ltr'>hospitis</span> <span class='ocrx_word' id='word_1_137' title='bbox 1040 2371 1131 2458; x_wconf 86' lang='lat' dir='ltr'>Argi.</span> 
     </span>
    </p>

    <p class='ocr_par' dir='ltr' id='par_1_11' title="bbox 246 2475 1055 2563">
     <span class='ocr_line' id='line_1_21' title="bbox 246 2475 1055 2563; baseline 0.005 -25"><span class='ocrx_word' id='word_1_138' title='bbox 246 2475 334 2541; x_wconf 89' lang='lat' dir='ltr'>Hinc</span> <span class='ocrx_word' id='word_1_139' title='bbox 351 2479 393 2542; x_wconf 89' lang='lat' dir='ltr'>ad</span> <span class='ocrx_word' id='word_1_140' title='bbox 410 2477 584 2563; x_wconf 83' lang='lat' dir='ltr'>Tarpeiam</span> <span class='ocrx_word' id='word_1_141' title='bbox 601 2477 709 2542; x_wconf 89' lang='lat' dir='ltr'>sedem</span> <span class='ocrx_word' id='word_1_142' title='bbox 724 2485 757 2542; x_wconf 91' lang='lat' dir='ltr'>et</span> <span class='ocrx_word' id='word_1_143' title='bbox 775 2476 938 2561; x_wconf 90' lang='lat' dir='ltr'>Capitolia</span> <span class='ocrx_word' id='word_1_144' title='bbox 952 2476 1055 2560; x_wconf 89' lang='lat' dir='ltr'>ducit,</span> 
     </span>
    </p>

    <p class='ocr_par' dir='ltr' id='par_1_12' title="bbox 246 2578 1057 2665">
     <span class='ocr_line' id='line_1_22' title="bbox 246 2578 1057 2665; baseline 0.005 -22"><span class='ocrx_word' id='word_1_145' title='bbox 246 2578 356 2644; x_wconf 89' lang='lat' dir='ltr'>Aurea</span> <span class='ocrx_word' id='word_1_146' title='bbox 373 2602 471 2665; x_wconf 87' lang='lat' dir='ltr'>nuno,</span> <span class='ocrx_word' id='word_1_147' title='bbox 489 2580 566 2646; x_wconf 92' lang='lat' dir='ltr'>olim</span> <span class='ocrx_word' id='word_1_148' title='bbox 582 2581 782 2646; x_wconf 88' lang='lat' dir='ltr'>silvestribus</span> <span class='ocrx_word' id='word_1_149' title='bbox 797 2580 926 2645; x_wconf 86' lang='lat' dir='ltr'>horrida</span> <span class='ocrx_word' id='word_1_150' title='bbox 942 2580 1057 2646; x_wconf 89' lang='lat' dir='ltr'>dumis.</span> 
     </span>
    </p>

    <p class='ocr_par' dir='ltr' id='par_1_13' title="bbox 246 2684 1010 2771">
     <span class='ocr_line' id='line_1_23' title="bbox 246 2684 1010 2771; baseline 0.001 -23"><span class='ocrx_word' id='word_1_151' title='bbox 246 2684 325 2748; x_wconf 79' lang='lat' dir='ltr'>Jam</span> <span class='ocrx_word' id='word_1_152' title='bbox 342 2692 416 2751; x_wconf 89' lang='lat' dir='ltr'>tum</span> <span class='ocrx_word' id='word_1_153' title='bbox 431 2686 543 2771; x_wconf 91' lang='lat' dir='ltr'>religio</span> <span class='ocrx_word' id='word_1_154' title='bbox 560 2685 692 2771; x_wconf 86' lang='lat' dir='ltr'>pavidos</span> <span class='ocrx_word' id='word_1_155' title='bbox 708 2686 851 2750; x_wconf 90' lang='lat' dir='ltr'>terrebat</span> <span class='ocrx_word' id='word_1_156' title='bbox 868 2693 1010 2771; x_wconf 84' lang='lat' dir='ltr'>agrestes</span> 
     </span>
    </p>

    <p class='ocr_par' dir='ltr' id='par_1_14' title="bbox 247 2789 1301 2980">
     <span class='ocr_line' id='line_1_24' title="bbox 248 2789 1301 2875; baseline 0 -22"><span class='ocrx_word' id='word_1_157' title='bbox 248 2790 328 2854; x_wconf 90' lang='lat' dir='ltr'>Dira</span> <span class='ocrx_word' id='word_1_158' title='bbox 343 2791 423 2874; x_wconf 90' lang='lat' dir='ltr'>loci;</span> <span class='ocrx_word' id='word_1_159' title='bbox 443 2791 605 2875; x_wconf 89' lang='lat' dir='ltr'>jamtum</span> <span class='ocrx_word' id='word_1_160' title='bbox 621 2791 737 2855; x_wconf 91' lang='lat' dir='ltr'>silvam</span> <span class='ocrx_word' id='word_1_161' title='bbox 753 2811 932 2875; x_wconf 82' lang='lat' dir='ltr'>saxumque</span> <span class='ocrx_word' id='word_1_162' title='bbox 948 2789 1140 2856; x_wconf 85' lang='lat' dir='ltr'>tremebant.</span> <span class='ocrx_word' id='word_1_163' title='bbox 1235 2791 1301 2857; x_wconf 87' lang='grc'>350</span> 
     </span>
     <span class='ocr_line' id='line_1_25' title="bbox 247 2893 1235 2980; baseline 0.001 -22"><span class='ocrx_word' id='word_1_164' title='bbox 247 2894 268 2928; x_wconf 83' lang='grc'><strong>“</strong></span> <span class='ocrx_word' id='word_1_165' title='bbox 283 2893 353 2960; x_wconf 91' lang='lat' dir='ltr'>Hoc</span> <span class='ocrx_word' id='word_1_166' title='bbox 370 2916 496 2978; x_wconf 88' lang='lat' dir='ltr'>nemus,</span> <span class='ocrx_word' id='word_1_167' title='bbox 513 2895 601 2960; x_wconf 88' lang='lat' dir='ltr'>hunc</span> <span class='ocrx_word' id='word_1_168' title='bbox 614 2898 633 2924; x_wconf 88' lang='lat'><strong><em>”</em></strong></span> <span class='ocrx_word' id='word_1_169' title='bbox 648 2895 757 2980; x_wconf 89' lang='lat' dir='ltr'>inquit</span> <span class='ocrx_word' id='word_1_170' title='bbox 776 2895 957 2960; x_wconf 85' lang='lat' dir='ltr'>“frondoso</span> <span class='ocrx_word' id='word_1_171' title='bbox 972 2895 1092 2960; x_wconf 86' lang='lat' dir='ltr'>vertice</span> <span class='ocrx_word' id='word_1_172' title='bbox 1108 2895 1235 2980; x_wconf 88' lang='lat' dir='ltr'>collem,</span> 
     </span>
    </p>

    <p class='ocr_par' dir='ltr' id='par_1_15' title="bbox 247 2997 1290 3096">
     <span class='ocr_line' id='line_1_26' title="bbox 247 2997 1290 3096; baseline 0.002 -34"><span class='ocrx_word' id='word_1_173' title='bbox 247 2998 268 3030; x_wconf 81' lang='grc'>“</span> <span class='ocrx_word' id='word_1_174' title='bbox 280 2998 362 3078; x_wconf 81' lang='lat' dir='ltr'>Quis</span> <span class='ocrx_word' id='word_1_175' title='bbox 376 3000 466 3083; x_wconf 89' lang='lat' dir='ltr'>deus,</span> <span class='ocrx_word' id='word_1_176' title='bbox 483 3000 646 3096; x_wconf 78' lang='lat' dir='ltr'>inqertum</span> <span class='ocrx_word' id='word_1_177' title='bbox 661 3006 722 3082; x_wconf 87' lang='lat' dir='ltr'>est,</span> <span class='ocrx_word' id='word_1_178' title='bbox 740 2999 870 3064; x_wconf 91' lang='lat' dir='ltr'>habitat</span> <span class='ocrx_word' id='word_1_179' title='bbox 885 3000 973 3064; x_wconf 87' lang='lat' dir='ltr'>deus.</span> <span class='ocrx_word' id='word_1_180' title='bbox 1010 2997 1164 3064; x_wconf 86' lang='lat' dir='ltr'>Arcades</span> <span class='ocrx_word' id='word_1_181' title='bbox 1179 2999 1290 3085; x_wconf 90' lang='lat' dir='ltr'>ipsum</span> 
     </span>
    </p>
   </div>
   <div class='ocr_carea' id='block_1_3' title="bbox 138 3102 1305 3609">
    <p class='ocr_par' dir='ltr' id='par_1_16' title="bbox 247 3102 1191 3188">
     <span class='ocr_line' id='line_1_27' title="bbox 247 3102 1191 3188; baseline 0 -20"><span class='ocrx_word' id='word_1_182' title='bbox 247 3102 429 3168; x_wconf 89' lang='lat' dir='ltr'>“Credunt</span> <span class='ocrx_word' id='word_1_183' title='bbox 446 3125 479 3168; x_wconf 89' lang='lat' dir='ltr'>se</span> <span class='ocrx_word' id='word_1_184' title='bbox 496 3102 611 3168; x_wconf 88' lang='lat' dir='ltr'>vidisse</span> <span class='ocrx_word' id='word_1_185' title='bbox 627 3102 756 3186; x_wconf 81' lang='lat' dir='ltr'>Jovem,</span> <span class='ocrx_word' id='word_1_186' title='bbox 774 3123 876 3187; x_wconf 92' lang='lat' dir='ltr'>quum</span> <span class='ocrx_word' id='word_1_187' title='bbox 892 3123 988 3188; x_wconf 87' lang='lat' dir='ltr'>saepe</span> <span class='ocrx_word' id='word_1_188' title='bbox 1004 3103 1191 3188; x_wconf 87' lang='lat' dir='ltr'>nigrantem</span> 
     </span>
    </p>

    <p class='ocr_par' dir='ltr' id='par_1_17' title="bbox 247 3194 1086 3294">
     <span class='ocr_line' id='line_1_28' title="bbox 247 3194 1086 3294; baseline 0 -20"><span class='ocrx_word' id='word_1_189' title='bbox 247 3209 268 3240; x_wconf 85' lang='lat'><strong>“</strong></span> <span class='ocrx_word' id='word_1_190' title='bbox 280 3208 410 3294; x_wconf 85' lang='lat' dir='ltr'>Aegida</span> <span class='ocrx_word' id='word_1_191' title='bbox 425 3194 614 3274; x_wconf 85' lang='lat' dir='ltr'>concuteret</span> <span class='ocrx_word' id='word_1_192' title='bbox 630 3210 758 3290; x_wconf 87' lang='lat' dir='ltr'>dextra,</span> <span class='ocrx_word' id='word_1_193' title='bbox 775 3209 964 3293; x_wconf 89' lang='lat' dir='ltr'>nimbosque</span> <span class='ocrx_word' id='word_1_194' title='bbox 980 3209 1086 3274; x_wconf 90' lang='lat' dir='ltr'>cieret.</span> 
     </span>
    </p>

    <p class='ocr_par' dir='ltr' id='par_1_18' title="bbox 138 3312 1305 3503">
     <span class='ocr_line' id='line_1_29' title="bbox 138 3312 1305 3399; baseline 0.002 -21"><span class='ocrx_word' id='word_1_195' title='bbox 138 3371 141 3378; x_wconf 42' lang='grc'><strong>1</strong></span> <span class='ocrx_word' id='word_1_196' title='bbox 247 3313 266 3344; x_wconf 85' lang='grc'>“</span> <span class='ocrx_word' id='word_1_197' title='bbox 281 3312 371 3378; x_wconf 89' lang='lat' dir='ltr'>Haec</span> <span class='ocrx_word' id='word_1_198' title='bbox 388 3314 453 3379; x_wconf 92' lang='lat' dir='ltr'>duo</span> <span class='ocrx_word' id='word_1_199' title='bbox 468 3320 636 3399; x_wconf 89' lang='lat' dir='ltr'>praeterea</span> <span class='ocrx_word' id='word_1_200' title='bbox 651 3313 794 3398; x_wconf 88' lang='lat' dir='ltr'>disjectis</span> <span class='ocrx_word' id='word_1_201' title='bbox 809 3313 929 3398; x_wconf 89' lang='lat' dir='ltr'>oppida</span> <span class='ocrx_word' id='word_1_202' title='bbox 945 3313 1056 3396; x_wconf 91' lang='lat' dir='ltr'>muris,</span> <span class='ocrx_word' id='word_1_203' title='bbox 1239 3315 1305 3380; x_wconf 82' lang='lat'>355</span> 
     </span>
     <span class='ocr_line' id='line_1_30' title="bbox 247 3417 1184 3503; baseline 0.001 -21"><span class='ocrx_word' id='word_1_204' title='bbox 247 3418 267 3451; x_wconf 80' lang='lat'>‘⁶</span> <span class='ocrx_word' id='word_1_205' title='bbox 282 3418 449 3503; x_wconf 87' lang='lat' dir='ltr'>Reliquias</span> <span class='ocrx_word' id='word_1_206' title='bbox 464 3426 677 3503; x_wconf 73' lang='lat' dir='ltr'>veterumque</span> <span class='ocrx_word' id='word_1_207' title='bbox 692 3419 783 3483; x_wconf 84' lang='lat' dir='ltr'>vides</span> <span class='ocrx_word' id='word_1_208' title='bbox 799 3425 1011 3482; x_wconf 89' lang='lat' dir='ltr'>monumenta</span> <span class='ocrx_word' id='word_1_209' title='bbox 1025 3417 1184 3484; x_wconf 87' lang='lat' dir='ltr'>virorum:</span> 
     </span>
    </p>

    <p class='ocr_par' dir='ltr' id='par_1_19' title="bbox 247 3521 1201 3609">
     <span class='ocr_line' id='line_1_31' title="bbox 247 3521 1201 3609; baseline 0 -23"><span class='ocrx_word' id='word_1_210' title='bbox 247 3522 268 3553; x_wconf 86' lang='lat'><strong>“</strong></span> <span class='ocrx_word' id='word_1_211' title='bbox 281 3522 377 3588; x_wconf 90' lang='lat' dir='ltr'>Hanc</span> <span class='ocrx_word' id='word_1_212' title='bbox 392 3523 416 3588; x_wconf 85' lang='lat' dir='ltr'><strong>J</strong></span> <span class='ocrx_word' id='word_1_213' title='bbox 418 3544 500 3589; x_wconf 90' lang='lat' dir='ltr'>anus</span> <span class='ocrx_word' id='word_1_214' title='bbox 514 3530 618 3609; x_wconf 89' lang='lat' dir='ltr'>pater,</span> <span class='ocrx_word' id='word_1_215' title='bbox 635 3523 718 3588; x_wconf 89' lang='lat' dir='ltr'>hanc</span> <span class='ocrx_word' id='word_1_216' title='bbox 736 3523 897 3589; x_wconf 82' lang='lat' dir='ltr'>Saturnus</span> <span class='ocrx_word' id='word_1_217' title='bbox 912 3521 1057 3586; x_wconf 87' lang='lat' dir='ltr'>condidit</span> <span class='ocrx_word' id='word_1_218' title='bbox 1072 3541 1201 3604; x_wconf 88' lang='lat' dir='ltr'>arcem;</span> 
     </span>
    </p>
   </div>
   <div class='ocr_carea' id='block_1_4' title="bbox 247 3617 1309 4025">
    <p class='ocr_par' dir='ltr' id='par_1_20' title="bbox 247 3617 1098 3712">
     <span class='ocr_line' id='line_1_32' title="bbox 247 3617 1098 3712; baseline -0.001 -20"><span class='ocrx_word' id='word_1_219' title='bbox 247 3625 268 3659; x_wconf 89' lang='lat'>“</span> <span class='ocrx_word' id='word_1_220' title='bbox 279 3626 471 3692; x_wconf 66' lang='lat' dir='ltr'>‹laniculum</span> <span class='ocrx_word' id='word_1_221' title='bbox 485 3627 573 3712; x_wconf 88' lang='lat' dir='ltr'>huic,</span> <span class='ocrx_word' id='word_1_222' title='bbox 591 3627 641 3692; x_wconf 92' lang='lat' dir='ltr'>illi</span> <span class='ocrx_word' id='word_1_223' title='bbox 656 3628 764 3692; x_wconf 85' lang='lat' dir='ltr'>fuerat</span> <span class='ocrx_word' id='word_1_224' title='bbox 782 3626 935 3693; x_wconf 80' lang='lat' dir='ltr'>Saturnia</span> <span class='ocrx_word' id='word_1_225' title='bbox 950 3617 1098 3692; x_wconf 45' lang='lat' dir='ltr'>nomen?</span> 
     </span>
    </p>

    <p class='ocr_par' dir='ltr' id='par_1_21' title="bbox 247 3731 978 3797">
     <span class='ocr_line' id='line_1_33' title="bbox 247 3731 978 3797; baseline -0.001 -2"><span class='ocrx_word' id='word_1_226' title='bbox 247 3731 383 3796; x_wconf 82' lang='lat' dir='ltr'>Talibus</span> <span class='ocrx_word' id='word_1_227' title='bbox 398 3732 484 3796; x_wconf 91' lang='lat' dir='ltr'>inter</span> <span class='ocrx_word' id='word_1_228' title='bbox 499 3754 532 3796; x_wconf 90' lang='lat' dir='ltr'>se</span> <span class='ocrx_word' id='word_1_229' title='bbox 548 3732 644 3797; x_wconf 89' lang='lat' dir='ltr'>dictis</span> <span class='ocrx_word' id='word_1_230' title='bbox 660 3732 703 3796; x_wconf 88' lang='lat' dir='ltr'>ad</span> <span class='ocrx_word' id='word_1_231' title='bbox 719 3739 808 3796; x_wconf 89' lang='lat' dir='ltr'>tecta</span> <span class='ocrx_word' id='word_1_232' title='bbox 824 3731 978 3796; x_wconf 87' lang='lat' dir='ltr'>subibant</span> 
     </span>
    </p>

    <p class='ocr_par' dir='ltr' id='par_1_22' title="bbox 248 3835 1309 4025">
     <span class='ocr_line' id='line_1_34' title="bbox 248 3835 1309 3921; baseline 0.001 -21"><span class='ocrx_word' id='word_1_233' title='bbox 248 3837 405 3921; x_wconf 88' lang='lat' dir='ltr'>Pauperis</span> <span class='ocrx_word' id='word_1_234' title='bbox 421 3836 577 3919; x_wconf 83' lang='lat' dir='ltr'>Evandri,</span> <span class='ocrx_word' id='word_1_235' title='bbox 595 3836 780 3921; x_wconf 91' lang='lat' dir='ltr'>passimque</span> <span class='ocrx_word' id='word_1_236' title='bbox 796 3843 944 3900; x_wconf 88' lang='lat' dir='ltr'>armenta</span> <span class='ocrx_word' id='word_1_237' title='bbox 958 3835 1115 3900; x_wconf 86' lang='lat' dir='ltr'>videbant</span> <span class='ocrx_word' id='word_1_238' title='bbox 1243 3838 1309 3904; x_wconf 88' lang='grc'>360</span> 
     </span>
     <span class='ocr_line' id='line_1_35' title="bbox 251 3939 1016 4025; baseline 0.003 -21"><span class='ocrx_word' id='word_1_239' title='bbox 251 3941 462 4025; x_wconf 90' lang='lat' dir='ltr'>Romanoque</span> <span class='ocrx_word' id='word_1_240' title='bbox 479 3940 563 4004; x_wconf 86' lang='lat' dir='ltr'>Foro</span> <span class='ocrx_word' id='word_1_241' title='bbox 578 3949 612 4004; x_wconf 88' lang='lat' dir='ltr'>et</span> <span class='ocrx_word' id='word_1_242' title='bbox 626 3940 727 4004; x_wconf 88' lang='lat' dir='ltr'>lautis</span> <span class='ocrx_word' id='word_1_243' title='bbox 742 3939 866 4024; x_wconf 90' lang='lat' dir='ltr'>mugire</span> <span class='ocrx_word' id='word_1_244' title='bbox 883 3939 1016 4006; x_wconf 88' lang='lat' dir='ltr'>Carinis.</span> 
     </span>
    </p>
   </div>
   <div class='ocr_carea' id='block_1_5' title="bbox 0 0 1454 4518">
    <p class='ocr_par' dir='ltr' id='par_1_23' title="bbox 0 0 1454 4518">
     <span class='ocr_line' id='line_1_36' title="bbox 0 0 1454 4518; baseline 0 0"><span class='ocrx_word' id='word_1_245' title='bbox 0 0 1454 4518; x_wconf 95' lang='lat' dir='ltr'> </span> 
     </span>
    </p>
   </div>
  </div>
 </body>
</html>
