2898 4518
370 331 378 340 '
506 341 678 389 snunrnos
699 342 766 390 111.
791 343 851 390 vu.
1146 325 1206 391 151

75 491 81 498 ⁸
136 503 160 537 “
173 505 186 538 ⁴
205 504 317 584 Quum
330 508 378 585 te,
396 507 486 585 nate,
503 501 607 567 fames
622 501 737 588 ignota
751 503 794 567 ad
808 502 905 568 litora
919 509 1054 568 vectum

137 610 160 642 “
173 609 183 642 ‘
197 607 326 674 Accisis
342 613 438 692 coget
453 607 595 692 dapibus
610 628 797 672 consumere
812 628 952 690 mensas,
1144 608 1209 675 125

138 715 160 747 “
176 714 289 778 ‘Tum
305 733 433 799 sperare
449 713 561 777 domos
576 712 732 796 defessae,
749 711 859 796 ibique
874 719 1039 778 memento

138 819 161 852 “
176 819 186 852 ‘
201 819 316 884 Prima
329 819 436 884 locare
451 839 554 882 manu
570 817 740 902 molirique
756 839 873 904 aggere
889 820 998 885 tecta'
1012 821 1030 848 ''

139 925 162 956 “
176 924 273 990 Haec
290 931 358 989 erat
374 924 432 988 illa
446 923 550 988 fames
564 944 573 1006 3
597 923 681 988 haec
697 945 755 988 nos
772 940 923 1008 suprema
938 924 1103 1008 manebat,

140 1030 163 1062 “
177 1029 305 1095 Exitiis
320 1029 469 1116 positura
483 1029 627 1095 modum.
712 1033 715 1038 '

140 1135 164 1168 “
180 1136 291 1216 Quare
306 1133 395 1220 agite
411 1141 445 1199 et
462 1134 566 1219 primo
581 1133 662 1198 laeti
678 1155 755 1198 oum
770 1133 894 1198 lumine
912 1133 996 1219 solis,
1145 1135 1209 1198 130

140 1241 164 1273 “
180 1241 273 1321 Quae
288 1240 369 1322 loca,
386 1238 483 1323 quive
498 1237 642 1304 habeant
657 1237 814 1322 homines,
831 1239 890 1304 ubi
905 1231 1033 1304 moenia
1050 1238 1170 1325 gentis,

141 1345 164 1377 “
179 1345 406 1430 Vestigemus,
423 1351 457 1408 11
473 1365 494 1408 1
509 1351 608 1429 portu
622 1343 748 1408 diversa
763 1349 925 1428 petamus.

141 1450 164 1483 “
179 1450 280 1515 Nunc
297 1457 426 1534 pateras
440 1447 543 1513 libate
559 1448 583 1514 J
584 1448 646 1533 ovi,
664 1449 878 1534 precibusque
894 1456 1008 1515 vocate

141 1555 348 1620 “Anchisen
364 1554 555 1640 genitorem,
573 1561 607 1618 et
623 1553 702 1618 vina
718 1555 865 1640 reponite
880 1555 1031 1622 mensis.''

142 1660 199 1727 Sic
217 1659 335 1724 deinde
350 1658 469 1724 effatus
484 1658 650 1724 frondenti
666 1667 816 1744 tempora
831 1682 920 1726 ramo
1145 1663 1210 1728 135

140 1763 313 1849 Implicat,
331 1770 365 1828 et
383 1762 592 1848 Geniumque
607 1762 671 1828 loci
685 1763 889 1850 primamque
904 1766 1039 1830 deorum

142 1870 313 1934 Tellurem
329 1869 556 1955 nymphasque
571 1877 605 1934 et
621 1869 728 1934 adhue
744 1870 859 1955 ignota
874 1877 1026 1956 precatur

141 1973 315 2059 Flumina,
333 1982 408 2039 tum
424 1974 567 2039 Noctem
582 1973 763 2059 Noctisque
780 1975 916 2040 orientia
931 1976 1024 2061 signa

141 2081 348 2165 Idaeumque
364 2079 388 2144 J
389 2101 482 2145 ovem
498 2079 738 2164 Phrygiamque
756 2101 797 2143 ex
812 2080 921 2145 ordine
937 2087 1078 2144 matrem

142 2186 294 2268 Invocat,
313 2192 347 2249 et
363 2184 508 2270 duplices
526 2183 688 2268 Ooeloque
704 2183 874 2268 Ereboque
891 2191 1050 2268 parentes.
1143 2183 1208 2246 140

144 2289 214 2354 Hic
229 2297 325 2374 pater
340 2289 547 2375 omnipotens
563 2295 615 2353 ter
630 2289 717 2353 coelo
733 2289 838 2353 clarus
854 2289 897 2354 ab
912 2288 981 2353 alto

143 2394 311 2478 Intonuit,
329 2393 490 2479 radiisque
506 2395 676 2459 ardentem
691 2393 774 2458 lucis
789 2400 823 2458 et
840 2415 918 2459 auro

144 2502 224 2586 Ipse
241 2521 341 2564 manu
356 2499 508 2585 quatiens
524 2498 668 2564 ostendit
684 2499 725 2562 ab
742 2498 870 2564 aethere
885 2499 1016 2566 nubem.

147 2604 289 2670 Diditur
303 2603 355 2669 hic
371 2603 482 2670 subito
499 2603 640 2688 Trojano
657 2624 714 2688 per
729 2603 862 2688 agmina
878 2625 997 2688 rumor,

148 2710 330 2776 Advenisse
346 2709 442 2794 diem,
460 2731 525 2795 quo
541 2709 653 2774 debita
668 2708 796 2773 moenia
812 2710 979 2792 condant;
1147 2707 1210 2775 145

148 2817 312 2883 Certatim
326 2817 514 2881 instaurant
530 2815 654 2900 epulas,
673 2821 773 2900 atque
789 2815 897 2880 omine
912 2837 1032 2903 magno

148 2923 302 2988 Crateras
316 2921 396 2986 laeti
413 2927 566 2986 statuunt
584 2928 617 2985 11
633 2919 709 2984 vina
724 2928 887 2988 coronant.
943 2977 947 2985 .

218 3025 356 3090 Postera
371 3046 477 3110 quum
492 3024 597 3109 prima
611 3025 777 3089 lustrabat
792 3025 944 3111 lampade
959 3033 1063 3091 terras

149 3131 236 3198 Orta
251 3130 338 3213 dies3
361 3130 476 3195 urbem
492 3137 526 3194 et
540 3129 622 3195 fines
639 3137 672 3194 11
688 3129 783 3195 litora
798 3131 906 3217 gentis

148 3235 279 3302 Diversi
294 3235 488 3320 explorant:
512 3235 593 3300 haec
608 3234 708 3300 fontis
725 3243 843 3322 stagna
859 3233 1005 3319 Numici,
1143 3235 1207 3301 150

147 3342 251 3408 Hunc
268 3341 427 3426 Thybrim
442 3340 591 3425 fluvium,
607 3341 661 3407 hic
677 3341 778 3406 fortes
792 3341 944 3406 habitare
961 3339 1107 3407 Latinos.

147 3447 239 3512 Tum
255 3453 347 3512 satus
362 3445 509 3511 Anchisa
524 3447 666 3512 delectos
681 3446 791 3512 ordine
806 3446 848 3510 ab
864 3433 952 3512 omni

147 3553 294 3620 Centum
309 3560 447 3618 oratores
463 3559 605 3637 augusta
620 3552 663 3616 ad
677 3551 805 3617 moenia
820 3551 902 3637 regis

147 3659 201 3725 Ire
213 3657 322 3745 jubet,
338 3657 438 3723 ramis
453 3657 576 3722 velatos
592 3653 738 3722 Palladis
754 3677 877 3740 omnes,

147 3765 310 3850 Donaque
326 3763 409 3827 ferre
425 3761 503 3845 viro,
520 3781 699 3847 pacemque
715 3781 885 3846 exposcere
902 3760 1044 3828 Teucris.
1149 3763 1213 3828 155

147 3870 250 3936 Haud
262 3891 363 3952 mora,
379 3867 537 3934 festinant
548 3865 632 3951 jussi
647 3865 832 3952 rapidisque
847 3865 1000 3932 feruntur

148 3975 314 4041 Passibus.
362 3973 439 4056 Ipse
454 3970 574 4035 humili
588 3970 737 4057 designat
753 3971 880 4038 moenia
895 3970 991 4055 fossa,
