2898 4518
264 313 327 378 116
620 329 793 377 auumnos
816 331 881 377 nm.
907 327 940 376 V.

261 489 472 578 “Nigrorum
487 491 592 556 multo
608 490 774 576 pecudum
789 497 823 554 te
839 486 998 573 sanguine
1014 488 1121 553 ducet.

261 595 282 630 “
297 595 385 660 Tum
400 617 504 682 genus
520 617 615 662 omne
631 604 729 660 tuum
745 603 789 679 et,
806 615 890 679 quae
907 594 1029 658 dentur
1043 593 1183 677 moenia,
1197 591 1315 657 discas.

260 700 438 786 “Jamque
456 701 545 766 vala:
571 708 704 784 torquet
720 699 843 765 medios
860 721 925 764 nox
941 697 1079 764 humida
1095 719 1221 781 cursus,

260 805 343 870 “Et
360 827 412 870 me
429 815 544 870 saevu's
560 805 653 889 equis
670 804 786 871 Oriens
802 803 929 870 afflavit
944 803 1099 868 anhelis.''

259 909 408 994 Dixerat,
426 918 459 975 et
476 919 591 974 tenues
606 909 703 994 fugit,
721 931 781 974 eeu
796 911 916 992 fumus,
934 908 969 972 in
986 927 1089 974 auras.
1258 905 1327 974 740

259 1015 388 1079 Aeneas
407 1012 427 1046 “
442 1015 514 1095 Quo
524 1015 543 1044 ''
559 1013 676 1078 deinde
695 1015 714 1046 “
726 1015 820 1080 ruis?
846 1036 910 1098 quo
927 1011 1091 1099 proripis?
1103 1014 1123 1043 ”
1139 1013 1250 1097 inquit

260 1120 280 1151 “
296 1120 401 1201 Quem
416 1119 515 1206 fugis,
533 1126 591 1184 aut
608 1119 731 1204 quista
747 1120 866 1186 nostris
883 1119 1109 1205 complexibus
1125 1127 1216 1184 arcet
1231 1121 1280 1185 ?”

259 1224 350 1290 Haec
367 1245 549 1290 memorans
564 1224 706 1290 cinerem
721 1234 755 1290 et
771 1225 892 1310 sopitos
908 1225 1048 1290 suscitat
1063 1224 1165 1310 ignes,

258 1331 539 1416 Pergameumque
555 1330 675 1395 Larem
691 1337 725 1396 et
742 1351 842 1395 canae
858 1329 1038 1415 penetralia
1054 1330 1178 1396 Vestae

256 1433 356 1499 Ferre
372 1434 426 1520 pio
442 1442 476 1500 et
491 1434 589 1521 plena
604 1434 743 1521 suppleti
760 1443 934 1500 veneratur
948 1455 1065 1500 acerra.
1258 1433 1325 1502 745

323 1538 503 1626 Extemplo
520 1538 620 1606 socios
636 1539 843 1624 primumque
859 1539 991 1604 arcessit
1007 1537 1163 1623 Acesten,

255 1643 302 1708 Et
317 1642 341 1707 J
343 1643 410 1708 ovis
425 1643 599 1729 imperium
616 1651 650 1709 et
666 1643 733 1708 cari
748 1651 924 1729 praecepta
939 1643 1086 1728 parentis

256 1748 393 1850 Edpcet,
410 1756 444 1814 et
460 1771 543 1833 quae
559 1771 647 1814 nunc
663 1749 773 1814 animo
789 1748 954 1814 sententia
969 1756 1106 1816 constet.

255 1851 357 1917 Haud
372 1873 463 1917 mora
479 1853 630 1938 consiliis,
647 1874 707 1918 nec
719 1852 812 1938 jussa
827 1860 955 1918 recusat
974 1852 1117 1919 Acestes.

256 1957 507 2023 Transscribunt
522 1958 597 2024 urbi
612 1966 744 2043 matres,
760 1958 985 2044 populumque
1001 1957 1167 2023 volentem
1220 2037 1224 2042 ι
1257 1957 1325 2026 750

257 2063 447 2148 Deponunt,
463 2061 588 2129 animos
604 2063 651 2128 nil
667 2085 805 2150 magnae
821 2063 928 2128 laudis
944 2070 1085 2149 egentes.

254 2169 325 2254 Ipsi
340 2176 483 2234 transtra
499 2177 631 2252 novant,
649 2168 854 2254 flammisque
871 2168 1002 2233 ambesa
1018 2175 1181 2252 reponunt

197 2335 200 2343 .
256 2274 384 2340 Robora
398 2275 547 2361 navigiis,
564 2282 682 2359 aptant
698 2295 867 2358 remosque
883 2274 1114 2357 rudentesque,

253 2379 376 2465 Exigui
390 2401 537 2465 numero,
555 2380 611 2446 sed
626 2379 711 2445 bello
727 2377 836 2444 vivida
853 2379 967 2445 virtus.

255 2483 386 2550 Interea
401 2484 530 2552 Aeneas
545 2485 659 2550 urbem
674 2485 824 2569 designat
840 2491 957 2568 aratro,
1254 2481 1323 2551 755
1426 2493 1429 2500 ’

256 2588 462 2675 Sortiturque
478 2591 614 2673 domcs;
637 2590 698 2655 hoc
714 2589 816 2654 Ilium
832 2597 866 2653 et
881 2589 961 2654 haec
977 2587 1200 2673 loca-Trojano

252 2694 333 2760 Esse
346 2693 450 2780 jubet.
498 2694 631 2760 Gaudet
647 2717 744 2780 regno
761 2693 919 2779 Trojanus
935 2693 1083 2777 Acestes,

251 2798 439 2882 Indicitque
455 2801 562 2865 forum
577 2808 611 2865 et
628 2800 779 2886 patribus
794 2801 853 2866 dat
864 2799 941 2885 jura
956 2798 1089 2864 vocatis.

254 2904 341 2970 Tum
357 2904 466 2971 vicina
480 2905 577 2970 astris
592 2905 733 2990 Erycino
748 2904 783 2970 in
799 2905 920 2971 vertice
936 2906 1027 2970 sedas

251 3010 429 3076 Fundetur
446 3009 567 3075 Veneri
583 3010 716 3087 Idaliae,
734 3011 928 3094 tumuloque
944 3010 1092 3075 sacerdos
1252 3006 1319 3077 760

250 3115 302 3181 Ae
318 3117 412 3181 lucus
427 3116 495 3181 late
511 3136 601 3192 sacer
615 3116 748 3182 additur
762 3116 935 3183 Anchiseo.

250 3219 274 3285 J
276 3241 394 3304 amque
411 3219 478 3286 dies
494 3220 629 3306 epulata
644 3239 761 3284 novem
776 3221 856 3304 gens
871 3219 986 3303 omnis,
1003 3225 1037 3284 et
1054 3218 1120 3285 aris

249 3323 376 3391 Factus
391 3325 512 3407 honos,
536 3324 657 3410 placidi
672 3330 858 3388 straverunt
875 3345 1016 3409 aequora
1030 3324 1134 3408 venti,

250 3427 369 3494 Creber
385 3437 419 3493 et
434 3429 603 3514 adspirans
619 3449 730 3494 rursus
744 3435 840 3493 vocat
856 3427 981 3494 Auster
994 3428 1030 3493 in
1045 3429 1165 3497 altum.

249 3533 406 3598 Exoritur
420 3555 579 3619 procurva
594 3535 708 3620 ingens
723 3555 781 3620 per
795 3533 891 3600 litora
906 3533 1005 3599 fletus
1020 3556 1028 3617 ;
1252 3531 1317 3603 765

251 3638 422 3724 Complexi
437 3637 525 3702 inter
540 3660 573 3704 se
589 3646 783 3722 noctemque
799 3638 951 3723 diemque
967 3645 1146 3705 morantur.

248 3744 345 3829 Ipsae
357 3742 428 3827 jam
443 3750 575 3826 matres,
594 3742 667 3828 ipsi,
685 3743 802 3826 quibus
819 3764 932 3827 aspera
948 3743 1123 3828 quondam,

249 3847 330 3913 Visa
345 3846 446 3912 maris
460 3846 560 3911 facies
576 3855 610 3911 et
626 3869 692 3912 non
707 3847 874 3912 tolerabile
891 3869 1021 3931 nomen,

249 3953 301 4016 Ire
316 3951 432 4016 volunt
448 3971 643 4034 omnemque
659 3951 755 4037 fugae
772 3951 911 4037 perferre
926 3953 1077 4020 laborem.
