2838 4522
482 295 653 344 Aannmos
677 297 743 346 ΗΒ.
768 297 804 346 11.

116 456 286 541 Explicet,
304 462 364 521 aut
381 456 486 542 possit
502 456 645 523 lacrimis
661 477 800 542 aequare
816 457 967 522 labores?

117 559 211 626 Urbs
227 561 366 646 antiqua
380 560 460 645 ruit,
478 562 600 628 multos
615 561 785 627 dominata
800 583 858 647 per
868 583 974 630 ,annos
988 583 997 645 ;

117 667 271 732 Plurima
285 688 407 752 perque
423 667 493 732 vias
509 675 701 733 sternuntur
714 667 832 733 inertia
848 669 971 754 passim

117 771 274 858 Corpora,
292 792 412 858 perque
427 773 540 837 domos
555 781 589 837 et
604 773 754 858 religiosa
768 774 902 838 deorum
1119 777 1186 843 365

115 877 273 944 Limina·
309 877 380 942 Neo
396 876 456 942 soli
470 899 591 963 poenas
606 879 688 943 dant
704 878 862 964 sanguine
878 878 1016 962 Teucri3

4 983 297 1070 QQuondam
315 981 417 1046 etiam
431 981 528 1048 vietis
545 982 629 1047 redit
644 982 680 1046 in
696 983 881 1068 praecordia
896 981 1011 1067 virtus,

117 1076 337 1172 Victoresque
353 1087 476 1152 eadunt
494 1086 612 1153 Danai.
662 1086 810 1154 Crudelis
827 1087 949 1172 ubique

118 1192 261 1275 Luctus,
279 1191 401 1276 ubique
417 1212 518 1276 pavor
532 1199 567 1256 et
582 1191 723 1277 plurima
738 1191 851 1256 mortis
867 1191 985 1277 imago.

191 1296 323 1361 Primus
340 1316 373 1362 se
389 1295 559 1378 Danaum,
576 1317 697 1382 magna
708 1295 888 1361 eomitante
904 1303 1044 1381 caterva,
1122 1293 1189 1365 370

120 1401 313 1487 Androgeos
329 1401 433 1466 obfert
449 1400 552 1484 nobie,
571 1400 656 1466 socia
672 1401 804 1487 agmine
819 1401 951 1466 credens

120 1506 266 1588 Inscius,
283 1513 385 1590 atque
400 1506 488 1571 ultro
503 1505 609 1571 verbis
625 1507 800 1592 compellat
815 1505 949 1572 amicis:

123 1612 145 1644 “
158 1611 343 1695 Festinata,
361 1610 440 1678 viri!
466 1611 556 1676 Nam
572 1633 656 1697 quae
671 1619 743 1676 tam
759 1633 827 1677 sera
843 1619 990 1677 moratur

123 1716 145 1748 “
161 1714 354 1801 segnities?
402 1715 472 1780 Alii
487 1704 621 1802 rapirmt
636 1715 768 1782 incensa
782 1715 958 1801 feruntque

123 1821 145 1854 “
158 1822 321 1906 Pergama
336 1841 345 1904 ;
370 1843 425 1886 vos
441 1821 535 1886 celsis
552 1843 639 1886 nunc
655 1821 798 1907 primum
814 1822 984 1887 anavibus
995 1820 1051 1886 itis
1062 1821 1106 1888 ‚9'’
1124 1817 1189 1888 375

123 1927 235 2009 Dixit,
252 1933 286 1991 et
302 1927 592 2012 extemplo-nequa
607 1927 696 1992 enim
711 1948 863 2012 responsa
879 1928 1042 1993 dabantur

122 2033 210 2097 Fida
226 2031 425 2096 satis-sensit
440 2031 563 2098 medios
579 2032 733 2117 delapsus
748 2031 784 2096 111
798 2031 918 2097 hostes.

126 2136 324 2222 Obstupuit,
343 2142 494 2221 retroque
510 2138 629 2222 pedem
644 2157 721 2202 cum
736 2156 813 2201 vooe
829 2135 988 2221 repressit.

124 2233 349 2326 Improvisum
364 2241 466 2326 aspris
480 2241 586 2306 veluti
601 2240 822 2326 quisentibus
838 2261 981 2326 anguem

126 2345 254 2410 Pressit
268 2333 363 2408 humi
377 2345 496 2428 nitens,
513 2335 724 2430 trepidusque
740 2352 872 2430 repente
889 2343 1011 2430 refugit
1125 2343 1191 2408 380

125 2449 349 2516 Attollentem
363 2448 426 2514 1111
442 2457 476 2514 11
492 2449 619 2523 caerula
635 2449 716 2514 colla
731 2456 937 2532 tumentem3

127 2555 230 2620 Haud
245 2576 338 2620 secus
354 2553 543 2638 Androgeos
558 2553 632 2620 visu
648 2554 859 2619 tremefactus
874 2554 995 2622 abibat.

126 2659 288 2724 Irruimus
303 2658 410 2724 densis
426 2665 460 2723 et
475 2657 770 2723 circumfundimur
785 2657 894 2742 armis,

126 2765 329 2849 Ignarosque
343 2763 405 2828 loci
421 2763 545 2848 passim
561 2771 595 2828 11
610 2762 780 2828 formidine
797 2771 957 2849 captos

130 2869 334 2936 Sternimus:
359 2868 505 2954 adspirat
521 2867 625 2954 primo
641 2868 772 2932 11111111
787 2868 898 2935 labori.
905 2869 987 2956 r
1126 2870 1191 2934 385

128 2975 270 3095 Atque
260 2975 323 3040 hic
320 2993 479 3040 successu
494 2975 661 3043 exsuitans
677 2974 859 3069 animisque
876 2939 1037 3040 Odroebus

129 3080 202 3146 “O
208 3057 284 3145 socii
285 3068 377 3164 ,qu'ri
394 3079 517 3166 prima'
520 3055 653 3163 'iniquit
639 3078 692 3144 t“
707 3078 770 3143 fort
757 3087 838 3143 111111
854 3078 958 3144 salut
927 3085 971 3144 trs

129 3186 331 3252 “Monstrat
346 3185 418 3270 iter,
435 3206 563 3270 quaque
580 3193 629 3251 ost
615 3182 722 3250 tendit
708 3193 772 3250 tse
788 3186 867 3250 dext
853 3193 914 3268 111,
933 3205 1114 3268 sequamur.

130 3291 340 3356 “Mutamus
356 3289 486 3376 clipeos,
504 3289 750 3374 Danaumque'
741 3289 892 3374 rusignia
887 3281 991 3353 'nobis

129 3396 340 3483 “Aptemus.
388 3396 503 3484 Dolus,
516 3418 559 3460 an
569 3396 632 3462 virt
635 3418 684 3480 us,
699 3395 771 3481 quis
786 3395 821 3459 111
834 3395 908 3460 host
894 3392 1081 3480 tersquirat
1067 3398 1109 3462 t?
1128 3399 1193 3464 390

130 3502 152 3536 “
165 3502 269 3568 Arma
285 3472 467 3571 dabunt
427 3501 520 3586 rpsi.’'
569 3501 622 3568 Sic
638 3500 739 3584 fatus,
757 3499 872 3564 deinde
888 3509 1074 3565 comantem

129 3606 298 3694 Androgei
314 3604 441 3692 galeam
458 3607 642 3694 clipeique
633 3606 760 3692 insigne
777 3606 928 3671 decorum

130 3711 298 3796 Induitnr,
315 3711 475 3807 laterique
490 3712 653 3798 Argivum
668 3695 901 3776 accommodat
909 3733 1026 3778 ensem.

130 3817 202 3884 Hoc
218 3817 379 3902 Rhipeus,
395 3817 456 3882 hoc
472 3817 541 3902 ipse
558 3816 686 3902 Dymas
702 3816 871 3902 omnisque
883 3815 1039 3902 juventus

129 3923 236 3989 Laeta
251 3914 354 3989 facit:
380 3921 490 4008 spoliis
506 3943 539 3988 se
551 3921 690 4007 quisque
706 3921 889 3988 recentibus
905 3929 1036 3988 armat..
1129 3922 1195 3988 395
