2838 4522
274 283 320 347 40
648 299 819 346 sanamus
842 299 906 347 nra.
931 299 966 346 11.

275 461 298 526 J
300 467 458 526 uncturus
474 457 624 524 tabulata
641 459 775 543 dabant,
795 458 1006 524 convellimus
1022 458 1098 522 altis

277 567 415 633 Sedibus
430 564 706 650 impulimusque:
732 565 877 650 adlapsa
893 571 1025 653 repente
1043 563 1172 626 ruinam
1275 561 1343 628 465

277 668 363 736 Oum
379 669 488 734 sonitu
500 667 603 732 trahit
619 675 653 732 et
670 667 826 734 Danaum
842 688 939 752 super
951 666 1085 752 agmina
1101 667 1168 730 lato

276 773 408 840 Incidit.
456 771 520 838 Ast
536 772 593 838 alii
609 767 760 855 subeunt,
777 793 837 837 nec
853 793 932 837 saxa
947 789 1006 836 nec
1022 771 1129 835 ullum

279 879 433 946 Telorum
448 878 573 944 interea
589 884 691 943 cessat
709 899 820 964 genus.
1137 873 1139 878 ’

278 983 492 1049 Vestibulum
507 989 584 1047 ante
599 983 708 1068 ipsum
724 982 893 1068 primoque
909 980 944 1046 in
958 980 1072 1046 limine
1088 979 1235 1066 Pyrrhus

277 1087 447 1171 Exsultat,
464 1085 539 1152 telis
554 1093 588 1152 et
602 1087 675 1152 luoe
691 1104 841 1152 coruscus
858 1085 980 1151 ahena:
1274 1079 1342 1148 470

278 1190 391 1272 Qualis
407 1190 464 1256 ubi
479 1190 515 1254 in
529 1191 638 1254 lucem
653 1189 781 1256 coluber
796 1190 884 1254 mala
899 1189 1046 1275 gramina
1062 1195 1188 1274 pastus,

278 1295 412 1380 Frigida
425 1295 485 1361 sub
500 1303 586 1360 terra
601 1294 769 1360 tumidum
784 1316 883 1380 quem
898 1295 1015 1360 bruma
1030 1294 1173 1380 tegebat,

278 1399 376 1466 Nunc
392 1399 506 1486 positis
522 1421 625 1466 novus
640 1399 765 1465 exuviis
780 1399 968 1484 nitidusque
980 1373 1129 1484 juvendd,

279 1505 419 1570 Lubrica
436 1505 597 1578 convolvit
614 1504 744 1570 sublato
761 1512 889 1590 pectore
905 1512 1008 1590 terga,

278 1609 411 1710 Arduus
427 1609 470 1674 ad
485 1610 595 1692 solem,
612 1616 646 1674 et
662 1609 784 1695 linguis
799 1609 900 1674 micat
917 1629 970 1674 ora
986 1608 1136 1674 trisulcis.
1275 1606 1342 1675 475

151 1727 159 1743 ·
277 1680 358 1780 llna
373 1714 487 1800 ingens
504 1714 661 1800 Periphas
677 1722 711 1825 ep
727 1735 884 1798 equorum
899 1714 1041 1800 agitator
1056 1713 1206 1798 Achillis,

278 1819 430 1907 Armiger
445 1821 664 1904 Automedon,
674 1799 747 1886 luna
763 1820 873 1886 omnia
890 1819 1000 1905 Scyria
1015 1821 1118 1907 pubes

281 1926 468 1992 Succedunt
486 1933 583 2010 tecto,
601 1934 635 1990 et
651 1926 801 1990 flammas
817 1926 860 1990 ad
874 1925 1019 1990 culmina
1030 1925 1169 2010 jactant.

280 2029 357 2114 Ipse
372 2030 457 2094 inter
473 2030 592 2116 primos
609 2013 760 2115 correpta
772 2030 854 2094 dura
869 2029 1006 2115 bipenni

280 2132 409 2198 Limina
424 2135 606 2222 perrumpit
635 2141 807 2223 postesque
823 2155 842 2198 a
858 2134 987 2199 cardine
1003 2133 1097 2198 vellit
1276 2132 1343 2197 480

278 2237 435 2322 Aeratos;
456 2238 589 2323 jamque
600 2185 713 2334 {recisa
727 2239 819 2303 trube
834 2238 929 2302 firma
945 2239 1073 2303 cavavit
1092 2257 1176 2285 f
1191 2255 1223 2328 *p
1239 2232 1250 2272 ³·
1258 2264 1263 2273 ¹
1277 2248 1323 2276 ‘···
1335 2268 1363 2281 ν-
1382 2227 1395 2280 s*

279 2342 416 2426 Robora,
426 2323 467 2428 let
482 2343 651 2428 ingentem
665 2343 840 2438 latotdedit
858 2364 909 2406 ore
924 2309 1204 2428 fenestramfsl's
1214 2319 1281 2410 ἷζῖι
1299 2348 1305 2360 ‘
1328 2351 1377 2422 :m

280 2432 428 2538 Apparet
445 2446 560 2510 domus
575 2445 676 2530 intus,
694 2452 726 2510 et
743 2446 827 2510 atria
843 2445 940 2532 longa
955 2452 1150 2532 patescunt;
1169 2421 1230 2549 ᾗῇ
1243 2434 1277 2462 ”’”
1331 2457 1336 2464 ’
1351 2447 1389 2472 ”L

279 2549 453 2634 Apparent
470 2548 593 2613 Priami
608 2556 642 2614 et
657 2557 806 2614 veterum
822 2549 1001 2635 penetralia
1016 2571 1140 2636 regum,
1154 2554 1235 2618 fra„
1251 2567 1368 2612 >arm-

279 2643 499 2738 Arm‘atcsque
511 2653 623 2718 vident
640 2660 766 2719 stantes
781 2655 815 2718 in
831 2654 944 2720 limine
960 2654 1073 2742 primo.
1161 2653 1196 2692 -³‘²
1211 2634 1373 2720 ³·³“·⁷l85‘'

280 2758 329 2823 At
345 2759 459 2824 domus
474 2757 604 2823 interior
619 2759 746 2844 gemitu
760 2761 941 2844 miseroque
958 2761 1108 2826 tumultu

280 2864 448 2948 Miscetur,
466 2863 661 2950 penitusque
676 2887 775 2930 cavae
791 2866 999 2951 plangoribus
1015 2866 1110 2932 aedes

279 2967 443 3034 Femineis
458 2969 601 3054 ululant,
618 2969 694 3035 ferit
709 2990 808 3035 aurea
824 2970 928 3036 sidera
943 2971 1067 3036 clamor
1076 2991 1086 3052 3

281 3073 369 3140 Tum
384 3073 522 3160 pavidae
537 3075 635 3139 tectis
650 3083 771 3140 matres
786 3075 974 3160 ingentibus
990 3082 1109 3158 errant,

281 3180 530 3266 Amplexaeque
548 3187 660 3244 tenent
675 3188 783 3265 postes
799 3187 900 3264 atque
917 3181 1027 3244 oscula
1043 3179 1161 3264 figunt.
1276 3177 1343 3244 490

280 3287 390 3351 Instat
405 3286 439 3350 vi
454 3285 562 3371 patria
578 3285 743 3370 Pyrrhus;
767 3306 826 3350 nec
843 3285 987 3349 claustra
1002 3305 1108 3368 neque
1123 3282 1188 3368 ipsi

282 3391 444 3458 Custodes
461 3391 592 3457 sufferre
608 3391 734 3458 valent:
760 3391 850 3456 labat
866 3391 966 3456 ariete
982 3391 1089 3456 crebro

280 3497 303 3562 J
306 3518 402 3580 anua,
420 3503 454 3561 et
470 3496 570 3562 emoti
586 3497 805 3582 procumbunt
823 3497 951 3562 cardine
967 3505 1084 3583 postes.

281 3601 338 3667 Fit
354 3601 408 3666 via
422 3601 476 3668 vi:
502 3611 663 3686 rumpunt
679 3603 799 3686 aditus,
817 3603 1001 3688 primosque
1017 3602 1188 3668 trucidant

282 3705 426 3773 Immissi
443 3705 562 3789 Danai,
580 3714 613 3769 et
627 3707 694 3770 late
710 3707 780 3772 loca
796 3707 900 3772 milite
916 3707 1090 3792 complent.
1116 3757 1118 3765 s
1277 3705 1345 3772 495

281 3810 357 3876 Non
372 3810 428 3894 sio,
445 3810 616 3896 aggeribus
632 3812 739 3896 ruptis
754 3832 857 3896 quum
873 3833 1027 3903 spumeus
1043 3797 1149 3878 amnis

281 3915 374 3982 Exiit
389 3914 619 4000 oppositasque
634 3915 731 3980 evicit
747 3917 878 4002 gurgite
893 3917 1006 4002 moles,
