2838 4522
267 321 312 386 54
628 337 799 384 Anumnos
822 338 887 386 nra.
913 338 962 386 111.

265 496 462 582 Linquimus
481 497 637 583 Ortygiae
653 505 776 583 portus,
793 498 974 584 pelagoque
990 498 1147 583 volamus,

267 601 533 689 Bacchatamque
546 603 634 689 jugis
651 603 772 669 Naxon
787 604 988 690 viridemque
1006 603 1188 689 Donusam,
1267 605 1332 670 125

266 705 407 773 Olearon
422 707 614 792 niveamque
631 708 749 792 Paron,
768 730 959 794 sparsasque
974 731 1034 795 per
1048 730 1168 795 aequor

268 811 428 897 Oyeladas
444 820 478 877 et
490 812 608 878 crebris
623 811 761 898 legimus
777 813 861 881 freta
877 815 1007 880 concita
1023 814 1125 880 terris.

266 917 432 983 Nauticus
448 920 592 983 exoritur
607 918 695 983 vario
711 919 889 983 certamine
905 919 1037 1004 clamor,

266 1021 452 1088 Hortantur
467 1023 555 1107 socii,
573 1023 707 1090 Oratam
722 1044 921 1108 proavosque
937 1031 1089 1108 petamus
1103 1044 1112 1106 ;

266 1127 483 1213 Prosequitur
498 1149 633 1214 surgens
649 1150 669 1192 a
684 1127 790 1213 puppi
806 1135 923 1194 ventus
939 1136 1067 1213 euntes,
1267 1130 1332 1192 130

265 1233 312 1298 Et
328 1233 464 1298 tandem
479 1233 624 1318 antiquis
642 1232 804 1300 Ouretum
820 1233 997 1298 allabimur
1012 1234 1083 1300 oris.

265 1337 353 1423 Ergo
369 1337 484 1404 avidus
500 1361 609 1404 muros
625 1345 757 1424 optatae
774 1338 889 1404 molior
905 1338 1004 1422 urbis,

177 1529 180 1536 Ι
265 1442 547 1529 Pergameamque
562 1465 650 1528 voco,
668 1452 702 1508 et
717 1444 840 1510 laetam
856 1445 1046 1530 cognomine
1061 1451 1196 1530 gentem

265 1549 389 1614 Hortor
405 1571 513 1615 amare
528 1551 616 1616 focos
632 1571 805 1635 arcemque
820 1550 969 1615 attollere
986 1549 1093 1617 tectis.

264 1653 408 1740 Jamque
424 1655 489 1720 fere
506 1655 590 1720 siceo
607 1655 787 1720 subductae
803 1655 897 1720 litore
913 1676 1050 1741 puppes,
1265 1654 1329 1719 135

266 1759 444 1825 Oonnubiis
460 1760 610 1844 arvisque
625 1759 717 1824 novis
733 1766 867 1844 operat-a
878 1759 1036 1844 juventus
1051 1779 1059 1840 3
1222 1768 1224 1772 '

264 1863 288 1928 J
289 1885 348 1928 ura
364 1865 539 1949 domosque
556 1865 695 1929 dabam:
722 1863 830 1928 subito
846 1884 950 1948 quum
965 1862 1080 1928 tabida
1095 1861 1259 1945 membris,

266 1969 427 2056 Corrupto
444 1970 525 2036 coeli
540 1977 661 2054 tractu,
679 1968 925 2054 miserandaque
941 1969 1032 2033 venit

264 2074 508 2160 Arboribusque
524 2075 668 2160 satisque
683 2075 754 2139 lues
770 2082 804 2138 et
819 2074 927 2138 letifer
943 2096 1059 2140 annus.

264 2179 475 2265 Linquebant
492 2179 604 2246 dulces
620 2179 757 2263 animas,
774 2187 833 2243 aut
847 2201 943 2265 aegra
960 2179 1134 2244 trahebant
1264 2177 1329 2242 140

242 2341 246 2348 .
265 2284 427 2374 Oorpora3
452 2293 527 2351 tum
543 2284 666 2350 steriles
682 2305 814 2350 exurere
828 2284 931 2350 Sirius
947 2305 1060 2370 agros;

264 2391 414 2456 Arabant
430 2391 548 2456 herbae
564 2397 597 2455 et
613 2389 738 2456 victum
755 2411 844 2476 seges
860 2411 957 2476 aegra
972 2389 1123 2476 negabat.

264 2498 391 2563 Rursus
407 2497 450 2562 ad
465 2495 608 2561 oraclum
625 2495 780 2582 Ortygiae
797 2496 1032 2580 Phoebumque
1049 2517 1195 2560 remenso

265 2602 428 2668 Hortatur
442 2608 539 2688 pater
553 2601 598 2665 ire
615 2601 707 2686 mari,
725 2601 919 2685 veniamque
935 2601 1070 2686 precari,

266 2709 372 2790 Quam
386 2706 479 2774 fessis
494 2705 595 2770 finem
610 2707 707 2770 rebus
722 2705 816 2790 ferat,
830 2707 916 2771 unde
932 2707 1081 2770 laborum
1264 2705 1328 2770 145

266 2813 408 2878 Tentare
424 2811 586 2877 auxilium
598 2810 724 2896 jubeat,
742 2832 806 2896 quo
822 2818 947 2877 vertere
965 2833 1103 2878 cursus·

265 2916 343 2982 Nox
358 2923 439 3001 erat,
456 2925 490 2980 et
506 2915 599 2981 terris
615 2914 769 2981 animalia
786 2937 918 2980 somnus
934 2917 1096 2983 habebat:

265 3021 401 3108 Effigies
417 3042 526 3086 sacrae
541 3019 656 3085 divum
672 3019 872 3105 Phrygiique
889 3021 1042 3105 Penates,

265 3126 353 3208 Quos
369 3147 500 3191 mecum
515 3125 557 3189 ab
571 3123 668 3210 Trcja
683 3124 863 3209 mediisque
880 3146 921 3190 ex
935 3125 1066 3210 ignibus
1082 3124 1171 3190 urbis

263 3231 472 3314 Extuloram,
489 3228 551 3293 visi
567 3235 644 3292 ante
660 3227 768 3292 oeulos
783 3228 913 3294 adstare
924 3227 1066 3312 jacentis
1263 3228 1329 3292 150

263 3336 305 3400 In
321 3335 452 3418 somnis,
470 3334 579 3398 multo
594 3331 762 3397 manifesti
777 3331 913 3416 lumine,
931 3353 996 3416 qua
1012 3353 1044 3396 se

264 3441 369 3504 Plena
384 3461 443 3525 per
457 3439 594 3504 insertas
609 3437 770 3502 fundebat
786 3436 866 3500 luna
881 3436 1057 3518 fenestras;

264 3545 352 3608 Tum
368 3545 413 3609 sic
430 3543 522 3608 effari
537 3550 571 3607 et
587 3564 681 3607 curas
696 3541 748 3606 his
763 3542 890 3606 demere
906 3541 1023 3630 dictis:

264 3647 392 3730 “Quod
409 3649 471 3713 tibi
485 3648 593 3714 delato
611 3646 781 3732 Ortygiam
797 3645 946 3710 dicturus
959 3645 1078 3731 Apollo
1094 3653 1154 3730 est,

263 3752 284 3787 “
298 3753 361 3819 Hie
379 3753 468 3818 canit
485 3760 518 3818 et
532 3759 590 3817 tua
605 3775 664 3817 nos
680 3773 721 3816 en
736 3751 822 3816 ultro
839 3751 882 3816 ad
897 3750 1011 3814 limina
1029 3751 1145 3816 mittit.
1264 3751 1329 3816 155

264 3857 285 3891 “
298 3857 368 3923 Nos
384 3867 428 3942 te,
446 3857 613 3922 Dardania
629 3855 770 3938 incenso,
784 3862 908 3940 tneque
924 3876 1015 3920 arma
1031 3855 1146 3938 secuti,

263 3963 285 3997 “
298 3963 366 4030 Nos
382 3963 548 4029 tumidum
564 3962 625 4027 sub
641 3969 675 4026 te
687 3962 849 4047 permensi
864 3961 1023 4028 classibus
1039 3981 1169 4045 aequor,
