2944 4522
493 318 664 366 taurinos
689 319 753 366 nra.
779 319 838 366 xri.
992 307 1002 328 *
1130 300 1195 364 289

134 480 210 564 Ipse
227 501 335 565 neque
351 499 477 544 aversos
492 478 649 564 dignatur
665 486 805 543 sternere
822 477 928 562 morti,

136 585 207 650 Nec
223 586 307 670 pede
323 606 507 670 congressos
521 605 635 669 aequo,
652 605 711 648 nec
728 584 796 648 tela
811 584 949 648 ferentes
1128 584 1194 651 465

136 689 347 774 Insequitur;
372 689 478 754 solum
493 689 593 753 densa
608 688 644 752 in
660 687 797 772 caligine
814 687 966 753 Turnum

139 795 292 880 Vestigat
310 794 464 877 lustrans,
482 793 587 858 solum
602 793 637 856 in
653 792 830 856 certamina
846 793 958 877 poscit.

139 897 212 962 Hoc
230 919 383 962 concussa
398 904 491 960 metu
506 903 653 960 mentem
668 895 817 960 Juturna
831 896 941 982 virago

138 1002 300 1086 Aurigam
316 1001 420 1066 Turni
435 1001 543 1066 media
559 1001 726 1064 interiora
742 1000 920 1065 Metiscum

138 1106 290 1189 Excutit,
309 1115 342 1170 et
358 1106 452 1191 longe
467 1105 599 1191 lapsum
615 1111 747 1168 temone
763 1104 936 1189 relinquit;
1131 1104 1198 1172 470

140 1212 219 1296 Ipsa
235 1211 334 1295 subit,
351 1210 568 1294 manibusque
583 1209 747 1274 undantes
763 1209 868 1274 flectit
883 1209 1037 1293 habenas,

142 1316 272 1382 (iuncta
286 1337 409 1402 gerens,
427 1335 601 1399 vocemque
612 1321 652 1378 et
667 1335 783 1399 corpus
799 1322 832 1378 et
848 1336 939 1380 arma
955 1313 1084 1380 Metisci

142 1420 246 1506 Nigra
261 1420 351 1484 velut
367 1441 503 1504 magnas
518 1417 643 1482 domini
658 1439 761 1502 quum
776 1419 887 1484 divitis
903 1421 999 1486 aedes

141 1523 295 1588 Pervolat
312 1537 346 1588 ct
361 1522 476 1608 pennis
492 1523 561 1587 alta
576 1522 659 1587 atria
675 1523 795 1588 lustrat
810 1524 960 1609 hirundo,

142 1627 270 1691 Pabula
284 1647 385 1712 parva
401 1626 509 1712 legens
525 1627 676 1711 nidisque
692 1627 881 1712 loquacibus
897 1649 995 1714 escas,
1132 1626 1198 1698 475

141 1733 188 1796 Et
204 1753 291 1796 nunc
307 1731 485 1817 porticibus
501 1731 622 1814 vacuis,
639 1753 726 1797 nunc
742 1733 879 1798 humida
894 1735 1014 1800 circum

87 1837 88 1840 ’
143 1838 269 1923 Stagna
284 1844 399 1904 sonat:
424 1837 536 1902 similis
552 1837 673 1902 medios
688 1837 835 1903 dutuma
851 1861 908 1924 per
922 1841 1034 1906 hostes

141 1941 263 2008 Fertur
277 1941 379 2026 equis,
396 1941 571 2026 rapidoque
586 1942 698 2006 volans
715 1943 782 2007 obit
799 1945 907 2008 omnia
923 1965 1043 2027 curru;

141 2047 285 2132 Jamque
303 2048 355 2112 hic
371 2069 573 2132 germanum,
586 2047 720 2132 jamque
735 2048 788 2112 hic
805 2055 951 2114 ostentat
968 2057 1131 2135 ovantem,
1263 2125 1266 2131 ¹

142 2151 213 2217 Nec
229 2152 371 2217 conferre
382 2173 516 2216 manum
533 2151 671 2237 patitur,
690 2152 778 2216 volat
791 2152 865 2217 avia
879 2153 983 2239 longe.
1133 2154 1200 2220 480

143 2257 246 2322 Haud
260 2257 368 2321 minus
383 2256 512 2322 Aeneas
528 2263 632 2321 tortos
648 2256 728 2342 legit
744 2257 857 2322 obvius
872 2259 975 2344 orbes,

142 2362 362 2448 Vestigatque
377 2362 485 2426 virum
500 2369 534 2428 et
549 2361 685 2447 disjecta
700 2384 757 2447 per
772 2363 904 2448 agmina
919 2385 1039 2450 magna

142 2466 233 2531 Voce
248 2474 351 2532 vocat.
399 2466 533 2546 Quoties
549 2466 658 2530 oculos
674 2465 812 2552 conjecit
827 2467 862 2532 in
878 2468 1015 2552 hostem,

142 2571 385 2656 Alipedumque
400 2571 514 2656 fugam
529 2593 625 2636 cursu
641 2573 783 2637 tentavit
798 2594 954 2658 equorum
968 2596 977 2657 ;

143 2675 283 2741 Aversos
297 2677 397 2742 toties
412 2697 524 2740 currus
539 2675 563 2741 J
565 2683 686 2740 uturna
701 2677 839 2744 retorsit.
1134 2679 1200 2746 485

143 2780 231 2864 Heu,
248 2780 328 2864 quid
343 2782 448 2866 agat?
496 2778 595 2844 Vario
610 2779 832 2865 nequidquam
848 2782 989 2848 fluctuat
1006 2790 1111 2866 aestu,

144 2883 361 2968 Diversaeque
376 2891 494 2948 vocant
510 2883 657 2948 animum
671 2884 706 2948 in
722 2887 880 2951 contraria
896 2909 998 2954 curae.

145 2988 233 3054 Huic
250 2989 433 3074 Messapus,
447 2987 500 3052 uti
515 2989 608 3052 laeva
623 2989 689 3053 dno
704 2989 786 3055 forte
801 2992 933 3076 gerebat

142 3093 260 3176 Lenta,
276 3091 356 3156 levis
371 3113 477 3174 cursu,
493 3092 638 3177 praefixa
653 3092 784 3157 hastilia
798 3092 889 3177 ferro,

143 3197 275 3263 Horum
288 3218 394 3262 unum
409 3205 497 3262 certo
513 3206 727 3282 contorquens
746 3197 859 3284 dirigit
875 3199 954 3264 ictu.
1135 3200 1202 3268 490

144 3303 303 3370 Substitit
318 3302 458 3386 Aeneas,
476 3309 510 3366 et
527 3324 560 3368 se
576 3303 707 3389 collegit
723 3303 759 3368 in
773 3325 874 3387 arma,
1100 3313 1102 3318 '

143 3408 275 3493 Poplite
291 3408 458 3474 subsidens
472 3428 481 3490 ;
506 3408 632 3494 apicem
647 3415 761 3501 tamen
776 3409 879 3474 incita
895 3431 1062 3475 summum

143 3511 252 3576 Hasta
267 3511 357 3595 tulit,
374 3533 583 3596 summasque
599 3513 742 3578 excussit
759 3513 879 3579 vertice
895 3515 1017 3582 cristas.

144 3617 232 3680 'l'um
248 3638 321 3680 vero
337 3625 511 3702 assurgunt
526 3617 601 3701 irae,
617 3617 808 3704 insidiisque
825 3620 990 3705 subactus,

144 3721 295 3786 Diversos
309 3721 367 3786 ubi
382 3723 482 3788 sentit
498 3743 596 3807 equos
612 3744 806 3808 currumque
822 3725 952 3810 referri3
1134 3728 1200 3796 495

143 3826 253 3891 Multa
268 3826 387 3892 lovem
402 3835 436 3892 et
450 3827 531 3894 laesi
545 3835 687 3893 testatus
702 3828 836 3896 foederis
852 3853 933 3917 aras,

141 3930 165 3996 J
167 3953 222 3995 am
238 3931 375 3995 tandem
389 3931 518 4032 invadit
533 3932 666 4016 medios,
684 3940 718 3998 et
735 3932 843 4002 Marte
859 3940 1000 4003 secundo

384 4032 420 4089 13
