2944 4522
249 311 315 375 222
615 324 787 374 33331333
809 325 874 375 mu.
898 324 940 374 x:

251 489 272 522 “
287 487 444 573 Objecit?
493 486 585 568 Quae
601 508 699 552 causa
714 485 790 569 fuit,
804 504 995 570 consurgere
1010 483 1047 549 in
1063 504 1154 549 arma
1265 483 1309 553 90

252 591 511 678 “Europamque
527 591 706 676 Asiamque
722 597 755 654 et
772 590 901 674 foedera
917 590 1037 655 solvere
1051 589 1170 656 furto?

251 696 271 729 “
283 695 337 760 Me
353 697 434 761 duce
451 695 638 776 Dardanius
655 695 810 780 Spartam
825 693 1028 780 expugnavit
1043 694 1184 778 adulter,

251 801 334 866 “At
350 822 410 887 ego
424 801 491 866 tela
507 801 593 885 dedi,
609 800 714 866 fovive
730 799 882 886 cupidine
898 800 1009 864 bella?

251 906 272 940 “
286 906 374 970 'lum
389 905 499 971 decuit
514 904 671 970 metuisse
686 904 775 987 tuis;
799 925 886 969 nunc
903 925 973 970 sera
989 903 1130 987 querelis

251 1009 273 1042 “
287 1009 388 1074 Haud
399 1009 499 1094 justis
514 1007 664 1095 assurgis,
682 1015 716 1073 et
731 1007 825 1073 irrita
836 1007 945 1094 jurgia
956 1007 1096 1093 jactas.''
1264 1009 1306 1074 95

251 1113 389 1178 Talibus
404 1113 517 1180 orabat
531 1111 556 1178 J
557 1134 634 1197 une,
652 1112 827 1197 cunctique
841 1112 1025 1176 fremebant

251 1210 427 1287 Caelicolae
443 1241 576 1286 assensu
590 1219 677 1284 vario
691 1241 699 1285 ι
724 1239 784 1284 ceu
799 1217 934 1283 flamina
949 1219 1054 1303 prima

251 1325 362 1406 Quum
377 1325 533 1410 deprensa
547 1322 691 1394 fremunt
707 1321 796 1387 silvis
811 1329 845 1386 31
863 1343 958 1386 33333
973 1320 1126 1386 volutant

250 1427 431 1510 Murmure,
448 1428 602 1492 venturos
618 1426 728 1492 nautis
744 1425 915 1511 prodentia
928 1433 1050 1493 ventos.

251 1532 339 1596 Tum
355 1539 450 1617 pater
465 1531 678 1616 omnipotens,
695 1551 803 1595 rerum
819 1530 873 1596 cui
888 1551 1018 1596 summa
1033 1537 1189 1616 potestas,
1239 1531 1303 1594 100

250 1636 398 1701 Infit-eo
413 1635 541 1701 dicente
557 1636 655 1701 deum
670 1637 786 1701 domus
802 1637 871 1701 3113
886 1635 1017 1717 silescit,

250 1740 296 1806 Et
311 1739 502 1805 tremefacta
518 1739 583 1805 solo
599 1739 708 1824 tellus,
726 1741 800 1806 silet
815 1739 938 1806 arduus
953 1740 1075 1824 aether,
1118 1761 1122 1770 ’

250 1845 338 1909 Tum
354 1845 495 1930 Zephyri
510 1865 653 1930 posuere,
670 1845 790 1930 premit
806 1845 935 1929 placida
950 1865 1091 1928 aequora
1106 1850 1227 1929 pontus
1237 1881 1253 1894 -

250 1948 433 2035 “Accipite
448 1971 523 2035 ergo
538 1948 657 2014 animis
672 1957 772 2038 atque
787 1948 867 2014 haec
882 1971 955 2014 mea
969 1949 1060 2034 figite
1076 1949 1172 2014 diota.

250 2055 271 2087 “
286 2055 556 2139 Quandoquidem
570 2053 731 2119 Ausonios
746 2052 900 2139 conjungi
914 2053 1044 2118 foedera
1061 2052 1195 2118 Teucris
1241 2054 1306 2120 105

252 2161 388 2227 “Haud
402 2162 541 2245 licitum,
558 2180 618 2225 nec
633 2165 742 2225 vestra
758 2159 848 2245 capit
865 2159 1023 2224 discordia
1038 2159 1138 2222 finem
1151 2179 1160 2225 :

251 2265 271 2298 “
284 2265 375 2346 Quae
391 2265 508 2350 cuique
520 2272 569 2330 est
580 2263 712 2328 fortuna
722 2263 827 2348 hodie,
839 2285 940 2348 quam
951 2263 1088 2348 quisque
1101 2270 1189 2328 33331
1201 2283 1305 2348 spem,

251 2370 363 2436 “Tros
380 2370 567 2434 Rutulusve
582 2369 666 2454 fuat,
683 2369 774 2433 33113
789 2367 975 2434 discrimine
991 2368 1126 2453 habebo,

250 2474 349 2542 “Seu
364 2474 443 2540 fatis
458 2474 585 2538 Italum
601 2482 707 2540 castra
722 2473 886 2550 obsidione
903 2481 1067 2557 tenentur,

251 2578 273 2612 “
285 2580 358 2646 Sive
376 2600 476 2644 errore
491 2579 578 2644 malo
596 2579 711 2667 Trojae
726 2579 923 2663 monitisque
939 2577 1083 2644 sinistris.
1244 2578 1307 2642 110

251 2683 271 2715 “
283 2683 353 2748 Nec
370 2683 512 2749 Rutulos
529 2685 624 2751 solvo.
672 2685 739 2750 Sua
755 2685 871 2769 cuique
888 2705 999 2749 exorsa
1014 2666 1158 2749 laborem

251 2788 526 2873 “Fortunamque
541 2788 656 2856 ferent.
703 2790 776 2854 Rex
791 2788 928 2874 Jupiter
943 2787 1093 2853 omnibus
1108 2787 1216 2854 idern:

250 2893 271 2926 “
283 2893 370 2958 Fata
384 2893 472 2958 viam
487 2891 683 2962 inveniens?
730 2894 837 2980 Stygii
851 2915 909 2979 per
922 2892 1060 2958 flumina
1075 2893 1193 2976 fratris,

249 2998 313 3063 Per
328 2997 399 3084 pice
414 3005 573 3065 torrentes
589 3007 725 3084 atraque
740 2999 890 3085 voragine
906 2999 993 3086 ripas

249 3103 390 3188 Adnuit,
408 3111 441 3168 31
457 3111 567 3170 totum
581 3113 667 3170 nutu
682 3097 865 3170 tremefecit
884 3103 1075 3190 Olympum.
1241 3105 1307 3171 115

249 3208 313 3274 Hic
329 3209 404 3274 finis
418 3208 531 3292 fandi,
557 3209 634 3276 solio
648 3218 724 3276 tum
738 3210 874 3296 Jupiter
888 3231 984 3274 aureo
1159 3194 1171 3211 ⁸

251 3314 374 3400 Surgit,
391 3315 558 3380 coelicolae
573 3317 720 3381 medium
736 3337 834 3400 quem
849 3317 892 3380 ad
906 3313 1021 3381 limina
1035 3314 1172 3379 ducunt.

203 3449 206 3454 ·
316 3419 447 3484 Interea
463 3419 583 3485 Rutuli
597 3421 699 3506 portis
715 3419 839 3486 circum
854 3421 1005 3485 omuibus
1020 3419 1148 3484 instant

121 3577 122 3582 ,
251 3523 398 3589 Sternere
414 3526 510 3590 caede
526 3526 619 3610 viros,
637 3533 671 3590 et
685 3525 811 3590 moenia
826 3525 952 3610 cingere
968 3524 1117 3590 flammis.

250 3628 300 3693 At
315 3628 399 3713 legio
414 3627 608 3695 Aeneadum
622 3629 714 3696 vallis
729 3630 857 3695 obsessa
872 3636 1013 3713 tenetur,
1241 3628 1306 3692 120

249 3733 320 3798 Nec
336 3753 408 3818 spos
424 3733 492 3798 ulla
506 3733 624 3821 fugae;
647 3733 756 3800 miseri
771 3741 861 3817 stant
877 3734 1021 3798 turribus
1037 3733 1114 3802 31113

250 3836 493 3921 Nequidquam,
510 3845 544 3902 et
560 3859 632 3902 rara
648 3859 756 3903 muros
772 3838 899 3902 cinxere
915 3857 1038 3904 corona.

252 3940 348 4007 Asius
364 3939 559 4006 Imbrasides
575 3939 853 4026 Hicetaoniusque
871 3940 1068 4027 Thymoetes
