2838 4522
250 269 291 334 16
632 286 802 333 sunmnos
825 287 891 336 mn.
915 287 937 335 1.

249 445 362 527 Qualis
378 465 454 534 apes
470 452 595 512 aestate
610 467 693 510 nova
705 468 763 531 per
776 445 875 512 florea
890 467 965 512 rura

248 550 389 616 Exercet
405 551 465 616 sub
480 549 545 618 sole
561 549 660 636 labor,
681 573 785 636 quum
800 551 906 637 gentis
921 551 1051 617 adultos

253 655 412 720 Eduount
427 657 525 740 fetus,
543 663 602 721 aut
619 678 722 742 quum
734 656 894 741 liquentia
909 656 1007 722 melle

252 760 386 845 Stipant
402 768 437 824 et
453 760 543 826 dulci
557 761 750 826 distendunt
767 769 900 826 nectare
910 761 1025 845 cellas,

249 867 322 930 Aut
334 889 430 933 onera
446 865 613 952 accipiunt
628 866 829 950 venientum,
847 875 910 931 aut·
918 865 1048 952 agmine
1063 866 1154 931 facto

250 973 414 1058 Ignavum
424 972 516 1038 fucos
531 993 630 1057 pecus
646 994 665 1036 a
681 971 890 1057 praesepibus
906 979 1039 1054 arcent;

250 1075 369 1141 Fervet
382 1097 472 1164 opus,
489 1075 697 1161 redolentque
714 1077 826 1160 thymo
841 1075 1021 1162 fragrantia
1035 1074 1191 1171 mellus*

252 1180 311 1246 “0
328 1180 498 1268 fortunati,
512 1201 650 1266 quorum
662 1181 733 1267 jam
748 1181 875 1246 moenia
891 1188 1031 1267 surgunt
1046 1187 1054 1248 l
1068 1183 1088 1211 '’
1119 1181 1141 1244 Ἀ

253 1285 379 1350 Aeneas
395 1286 452 1370 cit,
471 1295 505 1364 et
519 1287 653 1372 lastigie
669 1287 804 1372 suspicit
815 1286 914 1353 urbis.

252 1391 356 1454 Infert
373 1412 405 1456 se
422 1398 534 1477 septus
549 1391 833 1458 nebula-mirabile
846 1393 955 1457 dictu·

252 1496 316 1560 Per
330 1496 461 1581 medios,
479 1497 660 1584 miscetque
675 1495 763 1582 viris,
781 1518 885 1582 neque
902 1498 1049 1562 cernitur
1062 1497 1131 1564 ulli.

319 1601 428 1666 Lucus
440 1601 474 1666 in
490 1601 568 1666 urbe
582 1585 648 1668 fuit
663 1603 783 1684 media,
800 1603 998 1668 laetissimus
1012 1603 1140 1686 umbra,

253 1707 325 1788 Quo
341 1707 493 1793 primum,
506 1707 627 1792 jactati
642 1707 739 1773 undis
754 1715 789 1773 et
804 1707 947 1793 turbine,
965 1707 1068 1773 Poeni

252 1811 400 1876 Effodere
416 1812 640 1898 locossignum,
658 1814 745 1898 quod
760 1813 848 1898 regia
863 1813 887 1877 J
890 1834 955 1878 uno

253 1914 461 2000 Monstrarat‚
475 1925 576 2002 ceput
592 1917 782 2002 acrisoqui:
809 1917 854 1982 sic
868 1939 945 1981 nam
959 1916 1126 1982 forebello

252 2021 427 2106 Egregium
443 2029 476 2086 et
491 2021 727 2094 facilemvictu
742 2023 945 2108 per'saeoula
959 2029 1101 2107 gentem.

253 2125 318 2190 Hic
334 2126 498 2212 templum
512 2113 768 2214 Junoni.in'gens
786 2107 919 2214 Sidonia
936 2126 1023 2192 Dido

254 2232 435 2317 Condebat,
452 2233 545 2298 donis
560 2234 753 2318 opulentum
768 2240 806 2298 et
817 2215 952 2305 numme
968 2231 1074 2316 divae,

253 2337 362 2430 nerea}
374 2338 429 2402 cui
444 2339 934 2424 gradibussurgebant'limina,
951 2332 1119 2422 nexaeque

253 2443 338 2506 Aere
355 2443 473 2526 trabes,
490 2441 612 2507 foribus
628 2443 724 2508 cardo
740 2443 899 2508 stridebat
915 2426 1052 2508 ahenis.⁵

254 2546 326 2612 Hoc
343 2547 487 2632 primum
502 2548 537 2611 in
551 2547 624 2619 luco
641 2566 788 2613 noverea
804 2547 914 2613 oblata
930 2547 1082 2612 timorem
1248 2547 1316 2614 450

253 2654 373 2736 Leniit,
391 2653 445 2718 hic
462 2653 606 2738 primum
621 2652 750 2719 Aeneas
767 2675 894 2739 sperare
911 2653 1054 2718 salutem

254 2760 376 2843 Ausus,
393 2765 427 2822 et
443 2757 574 2824 afflictis
589 2759 705 2824 melius
720 2759 880 2824 confidere
897 2759 1009 2826 rebus:

181 2907 202 2924 η.
256 2863 410 2948 Namque
426 2863 628 2950 subingenti
643 2864 763 2928 lustrat
779 2865 860 2929 dum
875 2864 1003 2950 singula
1018 2865 1154 2950 templo,

148 3013 153 3023 ·
255 2969 416 3054 Reginam
429 2969 607 3055 opperiens
624 2970 714 3052 dum,
732 2968 816 3054 quae
831 2969 965 3034 fortuna
978 2969 1021 3034 sit
1037 2969 1120 3054 urbi,

254 3071 495 3160 Artificumque
511 3096 628 3140 manus
644 3074 730 3138 inter
742 3095 775 3140 se
792 3093 991 3158 operumque
1007 3073 1149 3139 laborem
1249 3073 1314 3140 455

254 3179 405 3264 Miratur,
420 3181 509 3246 videt
525 3181 645 3246 Iliacas
661 3202 702 3244 ex
717 3179 827 3244 ordine
844 3201 972 3264 pugnas

255 3285 412 3371 Bellaque
423 3286 493 3371 jam
508 3287 597 3352 fama
613 3293 723 3352 totum
738 3285 873 3371 vulgata
890 3307 946 3370 per
962 3285 1082 3370 orbem,

257 3391 390 3458 Atridas
407 3393 643 3478 Priamumque
658 3401 691 3458 et
708 3412 842 3456 saevum
858 3389 1016 3456 ambobus
1032 3389 1220 3476 Achillenqr'

256 3497 414 3562 Constitit
430 3506 463 3562 et
478 3498 651 3564 lacrimans
663 3497 690 3570 ‚“
701 3497 783 3578 Quis
794 3497 864 3582 jam
879 3498 995 3562 locus''
1012 3495 1121 3581 inquit
1140 3495 1163 3530 “
1173 3482 1313 3576 Achate,

256 3601 277 3634 “
292 3603 382 3683 Quae
395 3603 480 3690 regio
494 3603 530 3667 in
545 3604 637 3668 terris
647 3603 757 3674 nostri
771 3625 835 3666 non
851 3603 948 3688 plena
963 3601 1110 3666 laboris?
1247 3601 1312 3665 460

256 3706 277 3738 “
289 3707 342 3771 En
356 3701 511 3772 'Priamus
525 3713 532 3774 l
561 3708 646 3773 Sunt
657 3708 710 3772 hic
727 3707 828 3772 etiam
846 3729 905 3772 sua
918 3707 1065 3792 praemia
1079 3704 1172 3770 laudi
1185 3727 1193 3788 3

257 3811 277 3844 “'
291 3813 376 3879 Sunt
387 3810 539 3878 lacrimae
554 3833 671 3896 rerum,
689 3820 723 3876 et
739 3821 885 3900 mentem
902 3811 1054 3876 mortalia
1071 3817 1226 3896 tangunt.

256 3917 277 3949 ‘⁵
292 3917 384 3983 Solve
400 3923 532 3982 metus:
556 3917 638 3982 feret
654 3917 734 3982 haec
751 3917 899 4000 aliquam
914 3917 976 3982 tibi
992 3917 1080 3982 fama
1097 3917 1271 3982 salutem.'¹
