2898 4518
488 303 659 350 Auumnos
684 304 747 350 LIB.
774 303 818 349 VI.

130 467 269 534 “Eruet
285 467 340 532 ille
355 464 462 550 Argos
478 462 820 548 Agamemnoniasque
837 462 1003 548 Mycenas,

131 573 345 660 “Ipsumque
361 570 539 653 Aeaciden,
556 590 658 653 genus
674 567 902 654 armipotentis
918 568 1054 652 Achilli,

131 679 270 744 “Ultus
286 698 362 741 avos
379 674 503 760 Trojae,
521 673 646 759 templa
661 680 695 737 51
711 679 873 738 temerata
890 673 1065 739 Minervae.
1128 671 1195 738 840

131 782 246 864 “Quis
262 789 308 864 te,
325 800 443 865 magne
461 779 554 862 (lato,
572 777 722 860 tacitum,
740 784 799 841 aut
815 785 859 861 te,
878 777 985 861 (losse,
1004 778 1193 863 relinquat?

131 886 249 968 “Quis
266 885 407 952 Gracchi
422 905 535 970 genus,
554 892 612 948 aut
628 883 783 968 geminos,
800 885 865 948 duo
880 883 1020 948 fulmina
1035 884 1125 969 belli,

131 993 151 1024 “
166 992 346 1077 Scipiadae,
365 991 490 1056 cladem
505 989 641 1073 Libyae,
659 1009 822 1073 parvoque
838 995 1008 1074 potentem

131 1097 151 1128 “
162 1095 366 1179 Fabricium,
382 1095 435 1159 vel
450 1101 485 1158 te
501 1095 601 1178 55155,
621 1093 767 1176 Serrana,
784 1095 970 1159 serentem?

131 1201 151 1233 “
167 1201 242 1283 Quo
256 1201 378 1266 fessum
394 1199 519 1286 rapitis,
536 1198 664 1265 Fabii?
714 1197 767 1263 Tu
783 1198 951 1264 Maximus
966 1199 1021 1263 iile
1038 1219 1081 1284 es,
1129 1199 1194 1265 845

131 1307 267 1374 “Unus
283 1307 340 1392 qui
355 1307 448 1372 nobis
464 1305 649 1370 cunctando
665 1304 810 1370 restituis
826 1327 903 1371 rem.

131 1412 346 1478 “Excudent
363 1411 420 1476 alii
435 1411 594 1497 spirantia
608 1411 740 1476 mollius
755 1433 837 1494 aera,

131 1517 152 1549 “
167 1517 276 1583 Credo
292 1515 453 1601 equidem,
472 1515 561 1580 vivos
577 1517 700 1580 ducent
716 1515 755 1580 de
772 1536 931 1580 marmore
949 1516 1071 1598 vultus,

131 1622 153 1654 “
167 1621 321 1688 Orabunt
337 1641 450 1686 causas
465 1619 758 1705 melius„coelique
774 1627 903 1686 meatus

132 1727 153 1760 “
165 1726 361 1792 Describent
378 1727 466 1792 radio
482 1734 515 1790 51
532 1727 698 1812 surgentia
714 1725 818 1790 sidera
833 1726 964 1808 dicent;
1129 1725 1195 1791 850

131 1832 152 1864 “
167 1832 225 1896 Τ5
240 1852 348 1916 regere
363 1831 499 1916 imperio
515 1832 661 1917 populos,
680 1830 837 1914 Romane,
856 1839 1043 1897 memento:

131 1937 243 2002 “Hae
259 1937 321 2001 tibi
336 1945 431 2002 amnt
447 1943 542 2021 artes,
560 1937 714 2023 pacisque
730 1937 894 2022 imponere
911 1958 1044 2019 morem,

132 2043 306 2107 “Parcere
323 2041 487 2128 subjectis,
505 2049 538 2106 'et
554 2043 715 2108 debellare
731 2043 915 2127 superbos.’'

131 2148 187 2214 Sic
204 2155 299 2232 pater
314 2148 483 2231 Anchises,
501 2156 602 2234 atque
617 2149 695 2214 hece
712 2148 907 2213 mirantibus
923 2148 1035 2213 addit:

131 2253 153 2287 “
164 2253 322 2338 Adspice,
339 2260 378 2318 ut
393 2253 528 2338 insignis
545 2254 654 2339 spoliis
671 2253 847 2319 Marcellus
863 2253 980 2339 opimis
1130 2252 1195 2318 855

131 2359 153 2392 “
165 2359 366 2444 Ingreditur,
383 2359 549 2444 victorque
564 2359 647 2424 viros
664 2359 882 2445 supereminet
898 2363 1028 2426 omnes!

132 2464 154 2496 “
167 2463 237 2528 ffrc
255 2484 320 2528 rem
338 2463 530 2548 Romanam,
547 2485 667 2548 magno
683 2464 840 2528 turbante
856 2464 1015 2548 tumultu,
1122 2489 1124 2492 ·

132 2569 153 2601 “
167 2568 283 2651 Sistet,
300 2589 399 2653 eques
416 2576 539 2634 sternet
556 2569 680 2661 Poenos
697 2567 899 2653 Gallumque
916 2569 1079 2652 rebellem,

133 2673 155 2706 “
171 2673 350 2758 Tertiaque
366 2695 457 2738 arma
472 2673 559 2759 patri
574 2674 750 2758 suspendet
767 2682 864 2759 capta
881 2674 1046 2756 Quirine.”

132 2779 249 2862 Atque
264 2777 316 2844 hic
333 2778 546 2844 Aeneas-una
562 2799 705 2863 namque
720 2779 765 2842 ire
780 2779 914 2844 videbat
1130 2778 1196 2844 860

133 2885 315 2972 Egregium
329 2885 431 2950 forma
443 2885 598 2970 juvenem
614 2893 648 2950 et
662 2885 866 2971 fulgentibus
883 2886 991 2970 armis,

134 2991 201 3057 Sed
216 2990 305 3055 frons
315 2991 402 3055 laeta
418 3012 546 3075 parurn,
564 2999 597 3054 et
613 2989 738 3074 dejecto
753 2991 881 3056 lumina
897 2992 1023 3058 vultu-2

133 3094 157 3128 “
172 3095 264 3178 Quis,
281 3102 384 3180 pater,
400 3093 465 3178 ille,
483 3094 590 3158 virum
606 3095 663 3178 qui
679 3095 724 3159 sic
741 3095 920 3160 comitatur
935 3096 1096 3160 euntem?

134 3199 157 3232 “
167 3199 285 3282 Filius,
303 3221 387 3263 anne
403 3198 521 3284 aliquis
539 3221 659 3284 magna
675 3199 714 3264 de
731 3199 831 3285 stirpe
846 3201 1031 3284 nepotum?

133 3305 158 3338 “
171 3303 237 3385 Qui
248 3303 404 3390 strepitus
414 3305 497 3368 circa
507 3303 664 3368 comitum
677 3309 684 3372 1
703 3312 865 3389 quantum
875 3303 981 3368 instar
989 3303 1023 3368 in
1033 3303 1103 3388 ipso
1115 3305 1196 3371 1865

135 3408 158 3442 “
173 3408 239 3475 Sed
254 3430 319 3472 nox
334 3415 406 3472 atra
422 3415 523 3494 caput
539 3407 626 3474 tristi
644 3408 854 3472 circumvolat
871 3408 1017 3475 umbra.'’

133 3512 226 3576 Turn
240 3519 335 3598 pater
349 3511 521 3607 Anchises,
538 3512 679 3577 lacrimis
695 3511 858 3596 ingressus
874 3511 1016 3580 obortis:

134 3618 157 3650 “
173 3617 203 3684 Ο
221 3625 331 3703 gnate,
348 3617 516 3703 ingentem
530 3617 661 3682 luctum
676 3637 717 3681 55
734 3637 851 3701 quaere
867 3624 1008 3685 tuomm.

134 3723 157 3756 “
170 3722 355 3788 Ostendent
371 3722 466 3786 terris
480 3722 568 3786 hunc
584 3729 719 3787 tantum
734 3721 815 3805 fata,
832 3743 937 3808 neque
952 3725 1039 3790 ultra

135 3827 158 3860 “
172 3826 254 3891 Esse
270 3825 387 3892 sinent.
435 3825 587 3890 Nimium
603 3825 692 3891 vobis
709 3825 857 3892 Romana
873 3849 1016 3912 propago
1129 3824 1195 3894 870

135 3929 256 3994 “Visa
272 3937 397 4014 potens,
415 3929 534 4014 superi,
553 3929 679 4014 propria
695 3929 775 3995 haec
793 3929 820 3995 si
835 3932 921 3997 dona
934 3930 1081 3996 fuissent.
