2944 4522
254 345 320 410 220
619 366 789 414 suunrnos
811 368 876 417 urs.
901 369 934 416 x.

255 521 397 589 “Marte
413 525 517 590 ruat?
565 525 641 592 Non
656 527 767 591 clausa
783 534 901 614 tegunt
912 528 983 613 jam
998 528 1127 594 moenia
1146 528 1299 596 Teucros.

255 627 276 661 “
291 628 379 711 Quin
393 628 480 696 intra
496 638 607 716 portas
624 639 725 718 atque
740 632 819 718 ipsis
835 633 957 718 proelia
972 634 1112 700 miscent

254 733 471 822 “Aggeribus
486 757 663 820 murorum,
680 743 713 801 et
728 737 892 803 inundant
908 738 1065 824 sanguine
1081 739 1192 804 fossae.

254 839 416 906 “Aeneas
431 841 564 927 ignarus
579 842 681 908 abest.
729 843 962 926 Numquamne
977 843 1077 908 levari
1269 845 1313 910 25

254 943 275 977 “
290 944 466 1011 Obsidione
483 947 594 1013 sines?
643 947 746 1012 Muris
760 948 883 1013 iterum
897 949 1048 1014 imminet
1063 948 1165 1013 hostis

254 1049 464 1116 “Nascentis
482 1049 606 1136 Trojae,
624 1072 683 1116 nec
700 1073 765 1117 non
781 1052 941 1118 exercitus
957 1052 1052 1136 alter,

254 1153 400 1239 “Atque
416 1154 537 1219 iterum
552 1154 587 1219 in
603 1155 744 1220 Teucros
760 1155 886 1222 Aetolis
902 1156 1006 1242 surgit
1022 1156 1064 1221 ab
1078 1155 1180 1242 Arpis

254 1257 276 1290 “
289 1258 439 1344 Tydides.
487 1257 651 1343 Equidem
667 1261 770 1343 credo,
787 1280 862 1325 mea
876 1259 1011 1324 vulnera
1027 1266 1162 1343 restant,

254 1363 275 1398 “
287 1364 334 1430 ut
350 1372 410 1430 tua
424 1365 591 1452 progenies
606 1365 760 1430 mortalia
775 1366 920 1431 demoror
935 1387 1027 1431 arma
1041 1371 1049 1433 1
1268 1365 1312 1428 30

254 1469 275 1502 “
290 1471 326 1537 Si
341 1471 409 1536 sine
424 1491 504 1557 pace
520 1477 581 1536 tua
597 1478 697 1557 atque
712 1470 817 1538 invito
832 1471 969 1536 nurnine
986 1471 1087 1536 Troes

255 1573 425 1641 “Italiam
440 1576 581 1662 petiere:
606 1577 703 1641 luant
719 1584 864 1662 peccata,
881 1597 987 1662 neque
1002 1576 1075 1642 illos

253 1678 275 1713 “
287 1679 418 1746 Juveris
434 1680 556 1746 auxilio
570 1701 579 1764 ;
605 1681 656 1746 sin
670 1687 722 1746 tot
738 1703 891 1768 responsa
907 1681 1011 1748 secuti
1089 1741 1091 1746 .

252 1784 375 1866 “Quae
392 1785 500 1872 superi
515 1807 691 1870 manesque
706 1786 852 1852 dabant:
878 1807 936 1852 cur
951 1806 1037 1849 nunc
1053 1791 1112 1848 tua
1128 1783 1301 1868 quisquam

252 1890 421 1956 “Vertere
433 1891 525 1977 jussa
539 1899 657 1977 potest,
675 1898 734 1956 aut
750 1913 809 1956 cur
823 1913 908 1956 nova
923 1892 1058 1956 condere
1073 1890 1173 1954 fata?
1266 1891 1310 1957 35

253 1996 375 2078 “Quid
390 2005 537 2084 repetam
552 2004 686 2064 exustas
701 1995 841 2082 Erycino
856 1997 891 2060 in
907 1996 1000 2061 litore
1017 1995 1165 2061 classes?

253 2102 274 2135 “
288 2102 376 2184 Quid
391 2109 630 2188 tempestatum
646 2123 755 2188 regern
770 2109 948 2186 ventosque
963 2101 1109 2165 furentes

254 2206 274 2240 “
286 2207 403 2274 Aeolia
419 2207 552 2292 excitos,
570 2215 629 2272 aut
645 2215 755 2273 actam
770 2207 912 2272 nubibus
928 2206 1039 2272 Irim?

252 2312 273 2344 “
285 2311 382 2378 Nunc
399 2312 499 2377 etiam
515 2312 736 2378 Manes-haec
752 2312 919 2377 intentata
934 2310 1089 2376 manebat

252 2415 358 2483 “Sors
374 2439 481 2482 rerum
491 2425 633 2502 -movet,
651 2425 685 2482 et
701 2417 823 2504 superis
839 2415 985 2481 immissa
1001 2421 1133 2500 repente
1267 2411 1313 2476 40

252 2524 417 2590 “Allecto
432 2524 556 2590 medias
571 2524 698 2590 Italum
712 2523 872 2589 bacchata
887 2543 944 2607 per
959 2521 1064 2585 urbes.

252 2627 345 2692 “Nil
360 2649 456 2712 super
472 2627 608 2713 imperio
623 2648 771 2694 moveor:
797 2625 997 2712 speravimus
1012 2623 1086 2706 ista,

252 2732 379 2797 “Dum
395 2733 525 2798 fortuna
540 2734 625 2817 fuit3
649 2733 793 2817 vincant,
811 2752 895 2817 quos
905 2730 1031 2794 vincere
1046 2725 1160 2792 mavis.

252 2837 273 2870 “
288 2837 323 2904 Si
337 2839 429 2902 nulla
444 2847 493 2904 est
509 2838 604 2925 regio,
623 2838 756 2903 Teucris
772 2858 873 2923 quam
888 2837 944 2901 det
961 2842 1020 2900 tua
1036 2830 1156 2917 conjux

253 2944 273 2976 ‘⁴
288 2944 381 3008 Dura
395 2965 404 3026 ;
429 2966 486 3029 per
502 2966 639 3028 eversae,
657 2943 791 3030 genitor,
807 2939 972 3006 fumantia
989 2935 1104 3022 Trojae
1261 2933 1307 3000 45

253 3049 273 3082 “
283 3049 423 3114 Excidio
439 3050 590 3134 obtestor,
607 3049 705 3114 liceat
721 3048 886 3114 dimittere
902 3046 944 3112 ah
959 3044 1057 3110 armis

253 3156 274 3188 “
284 3156 487 3222 Incolumem
502 3155 694 3240 Ascanium,
711 3155 809 3220 liceat
825 3171 988 3238 superesse
1004 3153 1165 3233 nepotem.

252 3261 414 3328 “Aeneas
430 3282 505 3327 sane
520 3261 639 3346 ignotis
650 3259 796 3345 jactetur
809 3259 844 3324 in
858 3255 955 3322 undis

252 3367 272 3400 “
283 3368 340 3452 Et,
358 3386 598 3453 quamcumque
614 3367 704 3431 viam
719 3365 844 3431 dederit
859 3363 1000 3444 fortuna,
1019 3364 1174 3444 sequatur
1187 3377 1196 3439 ;

253 3471 276 3503 ‘⁴
286 3470 384 3536 Hunc
401 3478 509 3557 tegere
524 3479 557 3536 et
573 3471 661 3536 dirae
676 3470 804 3534 valeam
819 3468 995 3533 subducere
1010 3481 1147 3552 pugnae.
1266 3460 1314 3526 50

252 3574 346 3640 “Est
362 3574 538 3658 Amathus,
556 3582 606 3639 est
621 3574 707 3639 celsa
721 3572 803 3636 mihi
819 3570 953 3656 Paphus
969 3574 1070 3652 atque
1088 3563 1246 3649 Cythera,

132 3683 134 3688 ’
252 3677 272 3710 “
282 3678 470 3763 Idaliaeque
485 3679 619 3745 domus:
645 3677 758 3763 positis
772 3674 928 3762 inglorius
943 3671 1042 3736 armis

252 3782 273 3816 “
286 3783 410 3869 Exiget
426 3784 478 3848 hic
495 3805 620 3850 aevum.
668 3782 790 3867 Magna
805 3779 928 3844 dicione
941 3777 1056 3861 jubeto

251 3887 449 3974 “Carthago
464 3895 593 3973 premat
609 3886 811 3952 Ausoniam:
836 3883 919 3948 nihil
934 3875 1068 3946 urbibus
1084 3877 1161 3941 inde

252 3990 272 4023 “
286 3990 441 4058 Obstabit
458 3989 574 4076 Tyriis.
592 4037 595 4044 »
623 3990 709 4070 Quid
725 3996 852 4076 pestem
868 3987 1002 4052 evadere
1017 3980 1096 4048 belli
1266 3981 1315 4045 55
