2838 4522
271 327 315 395 46
640 346 812 394 1111111161
835 347 899 394 nra.
924 345 958 392 11.

272 504 293 539 “
305 506 419 590 Arma,
437 505 507 591 viri,
524 507 607 572 ferta
622 527 736 573 arma:
761 513 856 572 vocat
872 506 932 571 lux
947 505 1066 570 ultima
1083 503 1203 571 victos!

272 614 292 646 “
306 612 446 679 Reddite
462 633 515 678 me
532 613 675 680 Danais!
701 611 798 678 sinite
814 612 998 677 instaurata
1015 609 1152 676 revisam

271 716 291 749 “
305 717 432 782 Proelia
445 723 451 784 1
476 716 681 802 Numquam
695 737 807 782 omnes
821 715 916 780 hodie
931 714 1106 779 moriemur
1120 713 1249 778 inulti.”
1267 709 1333 778 670

270 803 357 887 Hinc
373 823 455 886 ferro
472 821 621 908 accingor
636 842 757 905 rursus,
775 820 943 906 clipeoque
958 818 1122 884 sinistram

269 926 475 992 Insertabam
489 933 607 1012 aptans
622 947 740 1012 meque
755 932 850 991 extra
864 932 954 990 tecta
969 925 1133 1005 ferebam3

268 1031 354 1098 Ecce
371 1038 486 1095 autem
501 1031 670 1120 complexa
685 1031 785 1118 pedes
800 1030 835 1095 in
849 1029 961 1106 limine
977 1028 1098 1114 conjux

269 1135 446 1220 Haerebat,
463 1156 666 1221 parvumque
682 1135 769 1222 patri
784 1134 943 1200 tendebat
960 1133 1081 1200 Iulum.

269 1239 617 1326 α1111611111111111111,
634 1247 668 1306 et
684 1263 742 1306 nos
758 1261 835 1325 rape
851 1239 886 1304 in
902 1238 1011 1304 omnia
1026 1247 1137 1304 tecum
1151 1258 1160 1319 ;
1266 1234 1331 1302 675

269 1344 291 1378 “
305 1345 364 1413 Sin
380 1345 525 1430 aliquam
540 1353 693 1432 expertus
709 1345 827 1411 sumtis
842 1365 934 1430 spem
950 1344 1043 1430 ponis
1058 1344 1093 1408 in
1108 1343 1216 1425 armis,

269 1450 290 1483 “
303 1450 400 1516 Hanc
415 1451 560 1536 primum
576 1458 686 1516 tutare
701 1451 845 1517 domum.
894 1449 959 1516 Oui
975 1471 1094 1534 parvus
1111 1449 1216 1532 Iulus,

268 1555 289 1589 “
304 1554 367 1622 Cui
381 1563 476 1642 pater
491 1563 524 1621 et
540 1555 661 1642 conjux
676 1556 843 1641 quondam
859 1561 919 1620 tua
934 1555 1023 1620 dicta
1040 1553 1230 1638 relinquor?
1243 1554 1262 1581 ''

268 1661 363 1726 Talia
378 1661 556 1728 vociferans
571 1661 698 1747 gemitu
714 1668 844 1728 tectum
861 1681 954 1726 omne
969 1660 1132 1746 replebat,

267 1766 378 1847 Quum
393 1766 540 1832 subitum
556 1767 712 1851 dictuque
728 1765 833 1831 oritur
847 1764 996 1830 mirabile
1013 1773 1205 1831 monstrum.
1265 1763 1331 1830 680

266 1870 419 1955 Namque
435 1892 552 1936 manus
567 1871 654 1936 inter
669 1879 932 1956 maestorumque
948 1893 1003 1936 ora
1018 1877 1192 1955 parentum

266 1975 352 2041 Ecce
368 1976 448 2041 levia
464 1997 592 2041 summo
606 1977 647 2042 de
663 1977 784 2041 vertice
799 1976 888 2042 visus
903 1976 971 2041 Iuli

266 2079 418 2146 Fundere
434 2081 546 2145 lumen
561 2103 655 2167 apex,
673 2087 831 2166 tactuque
846 2081 979 2146 innoxia
991 2082 1105 2147 11161161

251 2183 425 2280 ,Lambere
440 2185 576 2250 flamma
592 2206 700 2251 comas
716 2193 750 2251 et
767 2186 891 2251 circum
907 2194 1056 2272 tempora
1071 2185 1169 2272 pasci.

265 2289 333 2356 Nos
348 2290 459 2376 pavidi
474 2290 637 2376 trepidare
647 2299 759 2375 metu,
777 2291 963 2376 crinemque
978 2291 1171 2377 flagrantem
1263 2290 1328 2356 685

264 2395 431 2461 Excutere
447 2404 480 2460 61
498 2405 627 2462 sanctos
642 2396 839 2483 restinguere
854 2396 1001 2462 fontibus
1017 2396 1116 2483 ignes.

264 2499 314 2564 At
329 2507 423 2588 pater
437 2499 598 2566 Anchises
613 2501 722 2566 oculos
738 2502 781 2566 ad
796 2501 901 2566 sidera
915 2502 1023 2566 laetus

265 2602 409 2688 Extulit,
427 2611 461 2669 61
477 2605 563 2669 16111
578 2606 705 2691 palmas
721 2627 797 2670 cum
813 2627 890 2671 voce
906 2605 1067 2672 tetendit:

266 2705 434 2792 “Jupiter
448 2708 664 2795 omnipotens,
681 2711 830 2796 precibus
847 2711 875 2776 si
890 2710 1029 2775 flecteris
1044 2710 1131 2792 ullis,

266 2811 444 2899 “Adspice
459 2835 516 2880 nos
530 2834 539 2881 ε
564 2813 623 2880 hoc
640 2823 795 2898 tantum3
820 2823 865 2900 et,
883 2814 910 2881 si
925 2815 1050 2901 pietate
1066 2835 1237 2896 meremur,
1262 2814 1326 2880 690

265 2916 286 2949 “
298 2917 351 2982 Da
366 2917 483 2983 deinde
497 2919 667 3004 auxilium,
684 2928 793 3006 pater,
810 2928 910 3005 atque
926 2921 1007 2985 haec
1023 2919 1132 2984 omina
1146 2919 1271 2984 firma.’'

264 3022 332 3088 Vix
347 3023 490 3089 casatus
506 3032 575 3090 erat
592 3025 705 3110 senior,
723 3025 896 3111 subitoque
911 3025 1036 3112 fragore

263 3129 415 3196 Intonuit
429 3131 571 3214 laevum,
588 3138 622 3196 et
637 3132 678 3197 de
693 3131 782 3197 coelo
796 3132 889 3217 lapsa
904 3153 963 3216 per
976 3131 1109 3196 umbras

265 3233 368 3300 Stella
383 3234 491 3300 facem
505 3235 628 3301 ducens
643 3237 750 3300 multa
766 3257 843 3301 cum
857 3236 930 3302 luce
947 3235 1100 3301 cucurrit.

263 3327 371 3423 Illam,
389 3360 518 3404 1111111111
533 3361 630 3426 super
644 3341 811 3406 labentem
826 3340 971 3406 culmina
987 3341 1077 3425 tecti,
1262 3341 1325 3405 695

264 3441 434 3510 Cernimus
449 3444 550 3510 Idaea
564 3446 685 3511 claram
702 3466 734 3510 16
750 3445 885 3510 condere
901 3445 996 3528 silva,

264 3547 522 3635 signantemque
537 3551 626 3634 vias3
650 3558 727 3615 tum
741 3552 838 3636 longo
853 3551 961 3616 limite
978 3552 1086 3617 sulcus

264 3651 333 3717 Dat
348 3654 466 3739 lucem,
484 3662 517 3720 et
533 3657 601 3720 late
617 3657 740 3722 circum
755 3657 826 3722 loca
842 3656 965 3722 sulfure
980 3657 1122 3723 fumant.

167 3805 170 3812 .
263 3757 327 3823 Hic
344 3779 418 3824 vero
433 3759 540 3826 victus
556 3761 728 3846 geniturae
744 3760 832 3826 tollit
848 3763 890 3827 ad
906 3783 1011 3846 auras,

262 3861 459 3948 Affaturque
475 3865 551 3930 deos
566 3872 600 3930 et
616 3873 768 3932 sanctum
784 3865 873 3932 sidus
888 3867 1011 3932 adorat.
1261 3864 1326 3931 700

263 3966 285 4000 “
296 3967 321 4033 J
322 3989 377 4032 am
388 3967 458 4054 jam
473 3969 565 4034 nulla
580 3989 670 4035 mora
685 3977 755 4038 est:
780 3991 894 4056 sequor
909 3978 953 4056 61,
967 3965 1181 4055 qua'ducitis,
1198 3969 1324 4036 adsum.
