2944 4522
514 325 685 372 erumnas
707 326 772 373 nra.
796 325 843 373 rx.
1147 307 1214 372 215

153 484 243 549 Tum
259 483 425 569 Meropem
437 490 538 568 atque
550 483 731 569 Erymanta
742 505 854 567 manu,
868 490 942 548 tum
954 470 1071 548 ste'rnit
1082 481 1213 566 Aphid-

150 589 241 653 Tum
257 589 371 654 Bitian
386 589 555 654 ardentem
567 589 668 654 oculis
679 589 861 674 animisque
872 589 1076 672 frementem,
1093 585 1188 672 [num
1202 609 1211 670 ;

152 692 230 757 Non
242 693 484 777 jaculo-neque
501 693 588 757 enim
599 693 709 778 jaculo
724 694 828 759 vitam
843 694 899 759 ille
915 694 1098 779 dedisset-,

154 796 219 862 Sed
234 817 393 882 magnum
408 796 548 862 stridens
564 803 712 862 contorta
727 797 892 883 phalarica
907 797 1010 881 venit,
1145 793 1167 865 7
1168 799 1212 864 05

152 900 317 966 Fulminis
333 907 409 966 acta
424 901 530 985 modo,
547 923 648 987 quam
662 923 723 966 nec
738 903 803 967 duo
819 909 932 966 taurea
947 908 1052 988 terga,

151 1005 223 1070 Neo
239 1003 364 1089 duplici
379 1024 517 1088 squama
531 1005 630 1069 lorica
644 1005 749 1070 fidelis
765 1012 798 1069 et
814 1025 892 1069 auro

153 1109 342 1177 Sustinuit:
367 1109 509 1195 collapsa
524 1117 625 1174 ruunt
640 1109 797 1174 immania
812 1109 966 1176 membra.

152 1217 223 1280 Dat
240 1213 338 1280 tellus
352 1213 525 1298 gemitum,
542 1221 575 1278 et
591 1213 733 1299 clipeum
749 1213 989 1298 superintonet
1004 1213 1127 1300 ingens.

153 1318 246 1383 Talis
261 1317 457 1382 inlluboico
474 1316 630 1382 Baiarum
645 1317 742 1384 litore
757 1319 922 1402 quondam
1144 1314 1211 1386 710

153 1425 259 1491 Saxea
274 1423 342 1509 pila
357 1423 459 1505 cadit,
475 1422 603 1507 magnis
618 1442 718 1507 quam
732 1421 871 1488 molibus
887 1429 967 1488 aute

152 1528 386 1595 constructam
401 1533 503 1613 ponto
514 1526 644 1612 jaciunt
659 1547 667 1609 ;
694 1526 739 1592 sic
756 1527 813 1592 illa
828 1528 958 1592 ruinam

151 1633 260 1698 Prona
276 1632 389 1716 trabit,
406 1631 602 1717 penitusque
617 1630 710 1696 vadis
725 1631 810 1697 illisa
826 1632 1006 1714 recumbit3

151 1737 294 1802 Miscent
309 1757 344 1801 se
358 1735 462 1800 maria
478 1743 511 1801 et
527 1735 638 1821 nigrae
654 1735 857 1801 attolluntur
869 1758 1008 1819 arenae;

152 1840 241 1904 Tum
256 1838 366 1904 sonitu
383 1839 545 1923 Prochyta
561 1839 630 1902 alta
645 1837 768 1922 tremit,
786 1839 969 1924 durumque
985 1839 1091 1905 cubile
1145 1835 1211 1906 Ι715

151 1945 296 2010 Inarime
311 1943 335 2010 J
337 1944 404 2011 ovis
418 1941 561 2029 imperiis
577 1944 718 2028 imposta
735 1943 896 2029 Typhoea.

221 2049 286 2114 Hic
302 2049 390 2114 Mars
405 2049 601 2134 armipotens
617 2048 765 2113 animum
780 2049 927 2133 viresque
943 2048 1074 2114 Latinis

152 2153 304 2236 Addidit,
322 2161 356 2218 et
372 2153 521 2219 stimulos
537 2173 625 2218 acres
641 2153 701 2218 sub
716 2160 847 2238 pectore
862 2152 973 2238 vertit,

152 2258 360 2342 Immisitque
375 2257 488 2342 fugam
504 2257 637 2322 Teucris
654 2264 830 2342 atrumque
845 2257 1009 2324 timorem.

153 2360 312 2444 Undique
327 2359 535 2444 conveniunt,
552 2360 707 2445 quoniam
722 2362 801 2426 data
817 2360 910 2448 copia
925 2381 1066 2448 pugnae,
1144 2358 1211 2429 720

153 2465 363 2550 Bellatorque
378 2465 487 2530 animo
502 2465 582 2530 deus
597 2465 720 2532 incidit.

28 2607 32 2618 ·
152 2570 324 2635 Pandarus
339 2577 378 2635 ut
393 2570 464 2635 fuso
479 2591 670 2654 germanum
686 2592 812 2656 corpore
829 2571 944 2656 cernit,

151 2675 199 2740 Et
214 2696 280 2760 quo
295 2675 338 2740 sit
352 2675 483 2740 fortuna
497 2675 576 2758 loco,
594 2675 653 2760 qui
668 2697 762 2740 casus
778 2684 855 2762 agat
870 2697 941 2759 res3

153 2781 289 2846 Portam
304 2780 338 2844 vi
352 2780 460 2844 multa
475 2799 625 2845 converso
640 2779 769 2844 cardine
785 2787 927 2865 torquet,

153 2884 303 2952 Obnixus
317 2883 395 2948 latis
410 2883 564 2967 humeris,
580 2883 765 2968 multosque
781 2905 913 2949 suorum
1144 2880 1210 2951 725

152 2989 323 3054 Moenibus
339 2988 486 3053 exclusos
501 2989 583 3052 duro
597 2987 633 3052 in
648 2987 822 3053 certamine
837 2988 979 3074 linquit;

151 3093 218 3158 Ast
233 3091 312 3157 alios
327 3112 439 3157 secum
454 3090 594 3156 includit
609 3091 787 3176 recipitque
802 3099 942 3176 ruentes,

151 3197 308 3280 Demens,
325 3194 382 3281 qui
398 3194 565 3258 Rutulum
579 3194 614 3258 in
629 3195 735 3260 medio
751 3217 816 3260 non
830 3195 960 3280 agmine
976 3215 1084 3279 regem

149 3301 282 3368 Viderit
296 3300 541 3384 irrumpentem,
558 3299 711 3384 ultroque
726 3299 895 3365 incluserit
910 3298 994 3383 urbi,

150 3408 337 3472 Immanem
351 3403 457 3470 veluti
471 3425 586 3488 pecora
601 3405 687 3469 inter
701 3405 819 3470 inertia
834 3404 954 3489 tigrim.
1143 3399 1210 3472 730

151 3509 317 3576 Oontinuo
332 3530 415 3573 nova
428 3508 489 3572 lux
504 3508 604 3574 oeulis
619 3507 751 3593 effulsit,
768 3516 802 3573 et
817 3529 909 3572 arma

150 3613 359 3678 Horrendum
375 3632 527 3694 sonuere;
551 3619 700 3691 tremunt
714 3613 750 3676 in
764 3612 884 3676 vertice
899 3611 1015 3678 cristae

152 3715 368 3803 sanguineae,
384 3715 550 3801 clipeoque
566 3715 723 3780 micantia
737 3715 877 3780 fulmina
892 3715 1008 3785 mittit.

150 3821 348 3907 Agnoscunt
362 3817 479 3884 faciem
493 3820 633 3884 invisam
649 3828 748 3905 atque
764 3807 922 3886 immania
936 3821 1082 3886 membra

151 3923 294 3992 Turbati
311 3922 417 3988 subito
432 3924 614 3991 Aeneadae.
663 3925 751 3990 Tum
767 3925 936 3991 Pandarus
951 3927 1063 4012 ingens
1142 3922 1164 3991 7
1166 3927 1209 3991 35
