2898 4518
411 267 416 272 ·
490 305 663 352 assumes
685 305 750 352 LIB.
775 300 821 350 Vl.

133 469 198 535 Par
212 469 339 534 levibus
353 465 464 532 ventis
479 465 667 550 volucrique
685 463 851 529 simillima
866 483 985 530 somno.

196 575 331 639 Interea
345 573 439 638 videt
455 571 584 636 Aeneas
600 571 635 635 in
649 570 734 634 valle
750 569 886 634 reducta

129 680 307 746 Seolusum
320 699 440 742 nemus
452 683 486 740 et
503 675 646 760 virgulta
661 673 811 739 sonantia
826 673 943 756 silvae,

129 786 389 868 Lethaeamque,
406 783 519 847 domos
534 781 680 866 placidas
697 778 757 863 qui
769 785 954 864 praenatat,
968 799 1106 844 amnem.
1130 773 1196 843 705

127 890 231 955 Hunc
249 889 372 954 circum
386 887 577 952 innumerae
593 893 708 970 gentes
724 884 904 969 populique
918 883 1095 966 volabant;

127 995 178 1060 Ac
195 993 343 1059 velutin
359 993 461 1078 pratis
477 991 536 1058 ubi
550 1013 628 1077 apes
644 997 769 1056 aestate
786 1010 897 1054 serena

128 1100 284 1165 Floribus
300 1099 448 1163 insidunt
464 1099 561 1163 variis
577 1106 610 1163 et
626 1096 767 1162 candida
783 1096 905 1160 circum

127 1190 213 1270 Lilia
229 1204 427 1286 funduntur,
446 1202 565 1288 strepit
582 1201 686 1266 omnis
702 1197 868 1264 murmure
884 1220 1028 1286 campus.

128 1308 300 1375 Horrescit
317 1308 389 1372 visu
405 1307 514 1372 subito
529 1327 708 1391 causasque
725 1305 862 1390 requirit
1131 1301 1197 1371 710

129 1412 262 1479 inscius
278 1413 415 1496 Aeneas,
433 1432 517 1496 quae
534 1411 601 1478 sint
617 1433 656 1476 ea
671 1410 808 1476 flumina
825 1431 927 1496 porro,

128 1519 236 1598 Quive
252 1517 313 1582 viri
328 1525 423 1583 tanto
438 1517 629 1602 complerint
646 1515 775 1602 agmine
792 1516 886 1601 ripas.

129 1621 220 1687 Tum
239 1631 332 1707 pater
346 1621 526 1688 Anchises:
554 1621 575 1652 “
587 1621 740 1704 Animae,
758 1621 876 1707 quibus
892 1621 999 1685 altera
1014 1619 1085 1685 fato

130 1727 150 1758 “
166 1725 312 1811 Corpora
327 1727 497 1810 debentur,
514 1725 651 1790 Lethaei
669 1727 711 1790 ad
726 1725 870 1790 fluminis
885 1727 1010 1790 undam

129 1829 150 1862 “
167 1830 307 1896 Securos
322 1830 436 1895 latices
452 1837 485 1894 et
501 1831 598 1914 longa
614 1829 732 1894 oblivia
748 1836 874 1915 potant.
1131 1825 1197 1895 715

132 1932 243 1998 “Has
259 1933 408 2018 equidem
424 1955 604 2001 memorare
620 1933 682 1998 tibi
697 1941 797 2018 atque
813 1935 982 1998 ostendere
999 1954 1118 2016 coram,

129 2039 151 2072 “
166 2040 191 2105 J
193 2039 381 2125 ampridem
395 2041 480 2104 hanc
496 2041 619 2125 prolem
635 2039 730 2125 oupio
747 2060 934 2103 enumerare
950 2060 1108 2122 meorum,

118 2145 152 2236 ,“
167 2145 243 2226 Quo
257 2145 362 2230 magis
377 2145 478 2238 Italia
493 2167 622 2211 mecum
639 2145 759 2210 laetere
774 2147 977 2231 reperta.”-

130 2249 151 2282 “
167 2249 198 2317 Ο
217 2257 321 2335 pater,
336 2271 420 2314 anne
435 2249 562 2335 aliquas
577 2251 620 2316 ad
635 2251 762 2315 coelum
778 2250 853 2314 hinc
869 2250 916 2314 ire
933 2249 1119 2335 putandum
1135 2255 1184 2314 est

133 2355 155 2387 “
170 2354 335 2420 Sublimes
351 2354 489 2438 animas,
505 2354 691 2439 iterumque
706 2356 749 2420 ad
765 2355 859 2420 tarda
875 2353 992 2418 reverti
1131 2350 1197 2420 720

131 2457 154 2491 “
168 2455 339 2542 Corpora?
388 2457 478 2539 Quae
493 2457 576 2524 lucis
591 2459 716 2524 miseris
732 2468 802 2524 tam
817 2459 887 2524 dira
902 2457 1022 2544 cupido
1037 2460 1053 2524 ?
1066 2460 1131 2506 ’'-

134 2562 293 2628 “Dicam
309 2563 469 2648 equidem,
487 2570 596 2628 necte
613 2585 817 2649 suspensum,
835 2572 923 2648 nate,
941 2565 1090 2648 tenebo,''

133 2667 282 2754 Suscipit
298 2667 469 2752 Anchises,
487 2676 589 2753 atque
606 2669 716 2735 ordine
733 2669 863 2756 singula
878 2669 1004 2755 pandit.

133 2771 334 2857 “Principio
350 2772 476 2837 coelum
492 2795 530 2837 ac
548 2782 650 2838 terras
666 2794 862 2859 camposque
877 2775 1052 2859 liquentes,

134 2875 157 2908 “
170 2875 417 2961 Lucentemque
433 2877 566 2962 globum
582 2877 695 2942 Lunae
713 2877 911 2964 Titaniaque
927 2889 1025 2964 astra,
1131 2875 1198 2944 725

133 2982 156 3014 “
173 2982 318 3067 Spiritus
332 2983 422 3048 intua
437 2983 508 3066 alit,
526 2991 696 3069 totamque
712 2985 819 3050 infusa
835 3008 892 3070 per
907 2995 997 3051 artus

134 3085 155 3119 “
170 3086 266 3151 Mens
282 3087 389 3173 agitat
407 3088 526 3152 molem
542 3096 577 3154 et
592 3111 710 3174 magno
727 3112 760 3156 se
776 3112 904 3176 corpore
919 3091 1042 3155 miscet.

134 3190 157 3223 “
171 3191 256 3258 Indo
271 3191 442 3257 homiuum
458 3195 686 3279 pecudumque
702 3217 803 3281 genus
820 3197 971 3279 vitaeque
987 3195 1167 3276 volantum,

136 3293 222 3362 “Et
239 3317 323 3380 quae
339 3319 516 3363 marmoreo
531 3299 593 3364 fert
609 3307 753 3365 monstra
769 3301 830 3365 sub
846 3321 982 3384 aequore
998 3307 1127 3384 pontus.

135 3400 296 3486 “Igneus
311 3408 361 3466 est
376 3401 447 3467 ollis
463 3403 553 3488 vigor
568 3417 601 3467 et
619 3404 770 3470 coelestis
787 3404 873 3490 origo
1133 3401 1200 3470 730

136 3505 161 3539 “
176 3505 372 3590 Seminibus,
389 3515 552 3591 quantum
567 3530 632 3573 non
648 3509 746 3574 noxia
762 3511 892 3595 corpora
908 3511 1052 3595 tardant,

137 3608 160 3644 “
173 3609 370 3695 Terrenique
386 3610 544 3676 hebetant
560 3621 651 3678 artus
667 3614 927 3700 moribundaque
943 3616 1098 3682 membre.

140 3712 164 3747 “
177 3714 265 3779 Hinc
289 3722 444 3780 metuunt
467 3717 682 3802 cupiuntque,
707 3718 818 3783 dolent
849 3721 1069 3806 gaudentque,
1094 3741 1201 3805 neque

137 3817 161 3852 “
175 3818 367 3903 Dispiciunt
384 3819 512 3884 clausae
528 3821 671 3886 tenebris
687 3829 721 3886 et
738 3844 862 3888 carcere
878 3846 981 3894 caeco,
1091 3821 1201 3908 [auras

136 3923 161 3960 “
173 3924 261 4005 Quin
277 3931 312 3990 et
328 3945 480 4010 supremo
495 3945 599 4008 quum
613 3926 737 3992 lumine
750 3926 819 3992 vita
835 3931 977 4014 reliquit,
1135 3925 1201 3994 735
