2944 4522
235 283 302 350 226
605 302 778 350 11111111
800 303 867 350 ars.
892 301 927 349 11

236 461 326 528 Pone
342 483 481 548 sequeus
496 461 615 528 dextra
630 462 771 549 puppim
785 469 889 546 tenet,
905 460 1045 548 ipsaque
1059 462 1153 528 dorso

235 565 382 650 Eminet,
399 587 437 631 ac
453 567 546 632 laeva
561 565 671 632 tacitis
687 566 892 652 subremigat
908 566 1006 632 undis
1020 587 1029 648 3

237 670 326 735 Tum
341 671 388 736 sic
402 671 554 758 ignarum
569 671 750 756 alloquitur
766 692 774 737 :
802 670 823 704 “
833 669 1012 757 Vigilasne,
1023 659 1131 737 'deum
1145 693 1236 758 gens,

237 773 260 808 “
270 774 415 842 Aenea?
463 775 585 862 Vigila,
603 783 638 840 et
652 775 733 841 velis
746 775 894 841 immitte
909 776 1070 842 rudentes.

237 879 258 912 “
269 865 338 946 Nos
354 902 476 965 sumus,
494 880 614 946 Idaeae
629 902 718 946 sacro
734 882 775 947 de
791 879 912 946 vertice
928 880 1036 967 pinus,
1230 884 1298 948 230

237 985 258 1017 “
268 985 367 1052 Nunc
383 985 491 1074 pelagi
506 985 694 1072 Nymphae,
712 986 824 1052 classis
840 993 910 1055 tua.
959 985 1109 1053 Perfidus
1123 994 1164 1053 ut
1179 1009 1238 1054 nos

238 1089 471 1176 “Praecipites
485 1090 569 1156 ferro
586 1090 733 1156 Rutulus
749 1089 951 1176 flammaque
967 1091 1137 1176 premebat
1154 1113 1163 1174 ;

238 1193 259 1227 “
272 1195 438 1282 Rupimus
452 1195 577 1261 invitae
593 1201 652 1260 tua
666 1194 809 1278 vincula,
827 1202 928 1280 teque
944 1217 1005 1282 per
1018 1217 1142 1281 aequor

237 1299 259 1333 “
271 1301 474 1381 Quaerimus.
523 1299 620 1365 Hanc
636 1299 786 1386 genetrix
800 1299 920 1366 faeiem
934 1293 1089 1366 miserata
1104 1300 1227 1386 refecit,

237 1405 258 1439 “
270 1406 317 1471 Et
334 1407 426 1472 dedit
442 1427 511 1472 esse
527 1407 605 1472 deas
621 1425 804 1490 aevumque
820 1408 946 1491 agitare
962 1406 1024 1472 sub
1040 1406 1145 1474 undis.
1230 1407 1296 1474 235
1368 1491 1373 1501 Ι

237 1510 319 1577 “At
334 1533 415 1597 puer
430 1509 593 1577 Ascanius
608 1531 702 1576 muro
717 1509 874 1596 fossisque
890 1518 1023 1578 tenetur

237 1615 259 1649 “
270 1615 351 1681 Tela
365 1616 453 1681 inter
467 1614 576 1680 media
590 1621 692 1700 atque
708 1613 874 1680 horrentes
890 1615 999 1680 Marte
1015 1615 1161 1683 Latinos.

237 1719 259 1753 “
269 1719 293 1786 J
295 1741 350 1784 am
365 1719 437 1785 loca
448 1718 541 1804 jussa
557 1725 649 1784 tenet
664 1718 741 1784 forti
754 1720 938 1805 permixtus
953 1719 1094 1786 Etrusco

237 1823 259 1859 “
269 1825 373 1890 Arcas
388 1845 486 1910 eques
501 1845 511 1906 3
536 1823 661 1888 medias
675 1822 741 1888 illis
756 1845 917 1909 opponere
933 1831 1071 1908 turmas,

237 1929 321 1995 “Ne
337 1930 451 1996 castris
462 1930 617 2016 jungant,
635 1936 724 1994 certa
739 1936 790 1994 est
806 1929 970 1994 sententia
987 1929 1108 1996 Turno.
1230 1929 1296 1994 240

237 2036 372 2122 “Surge
389 2057 460 2122 age,
478 2042 511 2100 et
527 2035 655 2100 Aurora
672 2033 773 2100 socios
788 2033 942 2100 veniente
958 2033 1066 2100 vocari

237 2141 402 2207 “Primus
417 2140 453 2206 iu
467 2161 558 2205 arma
577 2138 667 2225 jube,
685 2146 720 2204 et
736 2139 880 2224 clipeum
896 2160 985 2225 cape,
1003 2161 1101 2226 quem
1117 2139 1209 2206 dedit
1226 2139 1296 2226 ipse

237 2245 437 2311 “Invictum
453 2244 646 2330 Ignipotens
661 2251 763 2330 atque
778 2265 850 2308 oras
866 2243 983 2310 ambiit
998 2265 1085 2311 auro.
1309 2251 1317 2264 '

237 2351 421 2418 “Crastina
437 2351 507 2436 lux,
526 2372 600 2416 mea
617 2349 646 2416 si
660 2371 727 2416 non
741 2349 834 2414 irrita
849 2349 940 2414 dicta
954 2349 1093 2436 putaris,

237 2455 425 2542 “Ingentes
440 2455 586 2521 Rutulae
602 2453 765 2540 spectabit
781 2453 889 2520 caedis
904 2456 1063 2521 acervos.”
1230 2453 1295 2522 245

142 2645 144 2649 ,
237 2561 385 2646 Dixerat,
402 2570 438 2627 et
453 2563 570 2628 dextra
586 2560 753 2626 discedens
768 2559 904 2646 impulit
920 2559 1034 2644 altam,

237 2667 338 2733 Haud
352 2667 465 2754 ignara
479 2667 578 2751 modi,
595 2664 744 2752 puppim.
790 2664 895 2751 Fugit
910 2665 969 2730 illa
984 2685 1042 2750 per
1057 2665 1162 2730 undas

237 2771 332 2838 Ocior
347 2779 381 2837 et
393 2771 503 2857 jaculo
518 2780 552 2838 et
568 2779 682 2838 ventos
697 2777 861 2856 aequante
877 2770 1008 2856 sagitta.

237 2879 320 2943 Inde
336 2877 419 2942 aliae
435 2877 579 2942 celerant
595 2898 717 2943 cursus.
766 2876 888 2962 Stupet
903 2875 1024 2941 inscius
1041 2874 1109 2961 ipse

238 2983 318 3048 Tros
334 2981 559 3068 Anchisiades,
577 2982 703 3047 animos
720 2988 833 3046 tamen
848 2980 958 3045 omine
973 2977 1070 3046 tollit.
1229 2980 1294 3047 250

238 3088 326 3153 Tum
341 3087 481 3154 breviter
497 3109 614 3176 supera
630 3088 826 3172 adspectans
841 3106 986 3151 convexa
1001 3091 1174 3169 precatur:

238 3195 259 3228 “
275 3194 370 3260 Alma
385 3216 502 3283 parens
517 3195 618 3260 Idaea
633 3195 743 3278 deum,
761 3193 816 3258 cui
832 3192 1001 3277 Dindyma
1016 3191 1104 3258 cordi

238 3300 260 3332 “
271 3300 528 3388 Turrigeraeque
544 3301 640 3366 nrbes
655 3291 824 3385 bijugique
839 3298 882 3362 ad
898 3297 989 3384 frena
1005 3297 1124 3382 leones,

239 3405 259 3439 “
272 3405 326 3472 Tu
340 3407 422 3473 mihi
437 3429 524 3473 nunc
541 3427 671 3492 pugnae
687 3405 848 3492 princeps,
866 3411 905 3468 tu
921 3403 983 3468 rite
1000 3403 1196 3489 propinques
1221 3464 1229 3484 ‚

238 3512 260 3546 “
270 3513 468 3600 Augurium,
480 3513 729 3600 Phrygibusque
742 3511 828 3578 adsis
840 3511 933 3596 pede,
945 3509 1033 3594 diva,
1045 3508 1217 3576 secundo.''
1230 3509 1295 3575 255

238 3619 387 3685 Tantum
403 3620 532 3704 effatus,
550 3627 585 3684 et
599 3619 725 3683 interea
741 3615 887 3682 revoluta
902 3615 1018 3680 ruebat

238 3725 372 3792 Matura
382 3729 453 3812 jam
468 3727 542 3791 luce
557 3726 626 3791 dies
641 3732 835 3808 noctemque
850 3721 992 3808 fugarat.

238 3829 403 3915 Principio
419 3828 513 3896 sociis
529 3828 638 3912 edicit,
656 3827 751 3913 sigua
766 3832 960 3910 sequantur,

237 3934 351 4022 Atque
367 3935 493 4001 animos
508 3940 625 4019 aptent
641 3932 749 4016 armis,
766 3951 962 4019 pugnaeque
978 3936 1094 4016 parent
1110 3950 1153 3997 se.
