2898 4518
495 343 666 390 nnumnos
689 345 754 394 nra.
780 345 812 392 v.
1133 323 1198 393 117

126 505 219 584 Quos
235 503 341 568 bonus
356 501 489 568 Aeneas
504 503 602 570 dictis
618 505 742 572 solatur
757 501 882 587 amicis,
1131 500 1199 572 770

124 608 173 672 Et
189 607 434 692 consanguineo
449 607 624 673 lacrimans
640 609 850 674 commendat
865 608 1018 676 Acestae.

125 711 209 777 Tres
230 711 330 796 Eryci
344 711 478 796 vitulos,
496 721 531 776 et
548 712 817 798 Tempestatibus
832 735 953 798 agnam

125 815 277 882 Caedere
293 817 412 882 deinde
424 817 531 902 jubet,
549 818 694 902 solvique
711 839 752 882 ax
767 817 876 882 ordine
892 818 1013 894 furiem.

126 921 219 1008 lpse,
236 929 338 1008 caput
354 929 468 987 tonsae
483 922 568 988 foliis
584 925 731 988 evinctus
747 923 861 1006 olivae,

126 1028 232 1094 Stans
248 1029 360 1113 procul
375 1028 410 1092 in
425 1049 520 1113 prora
536 1035 684 1114 pateram
699 1035 802 1112 tenet,
820 1041 962 1112 extaque
978 1029 1078 1093 salsos
1130 1025 1194 1096 775

125 1133 271 1198 Porricit
286 1134 320 1198 in
335 1134 468 1217 fluctus,
486 1154 523 1198 ac
539 1133 617 1198 vina
631 1133 792 1218 liquentia
807 1133 928 1200 fundit.

126 1221 497 1326 Prosequiturnsdrgens
513 1259 533 1301 a
549 1238 654 1325 puppi
669 1245 787 1304 ventus
803 1246 918 1303 euntes
931 1259 938 1319 ;

126 1345 299 1410 Certatim
315 1345 392 1412 socii
406 1345 529 1411 feriunt
546 1367 635 1410 mare
651 1353 685 1410 et
701 1366 840 1430 aequora
856 1352 1001 1410 verrunt.

197 1449 249 1514 At
266 1449 380 1516 Venus
395 1451 518 1516 interea
534 1451 732 1536 Neptunum
748 1450 892 1516 exercita
907 1449 993 1516 curis

126 1555 332 1640 Alloquitur,
349 1557 498 1641 talesque
515 1555 655 1622 effundit
671 1563 800 1642 pectore
816 1563 972 1641 questus:
1125 1554 1193 1621 780

127 1659 149 1692 “
161 1659 187 1724 J
188 1661 307 1726 unonis
324 1661 431 1746 gravis
446 1661 493 1726 ira
509 1656 569 1726 nec
585 1661 802 1727 exsaturabile
817 1669 934 1747 pectus

127 1765 148 1796 “
165 1763 301 1850 Cogunt
317 1787 379 1850 me,
397 1765 564 1852 Neptune,
581 1789 692 1852 preces
708 1767 900 1832 descendere
916 1765 953 1831 in
969 1785 1091 1854 omnes,

128 1869 151 1902 “
162 1870 273 1951 Quam
289 1892 347 1936 nec
363 1871 461 1957 longa
476 1872 556 1954 dies,
573 1872 679 1957 pietas
696 1893 754 1937 nec
770 1873 904 1958 mitigat
920 1873 1011 1954 ulla;

126 1975 149 2008 “
164 1975 238 2041 Nec
255 1977 348 2042 Jovis
363 1977 499 2062 imperio
513 1977 653 2062 fatisque
669 1977 811 2042 infracta
827 1977 975 2062 quiescit.

126 2080 241 2146 “Non
257 2082 365 2147 media
381 2083 421 2147 de
437 2090 534 2166 gente
552 2083 720 2168 Phrygum
736 2082 881 2146 exedisse
898 2081 1047 2146 nefandis
1125 2077 1191 2147 785

125 2185 293 2251 “Urbem
308 2186 389 2252 odiis
405 2185 485 2252 satis
501 2194 562 2272 est,
575 2208 634 2252 neo
651 2207 790 2272 poenam
806 2193 898 2251 traxe
914 2207 971 2271 per
986 2205 1137 2266 omnem;

126 2290 331 2375 “Reliquias
348 2291 474 2377 Trojae,
492 2292 614 2358 cineres
629 2300 729 2382 atque
742 2313 818 2368 ¹oasa
833 2297 997 2377 peremtas

126 2397 149 2429 “
163 2396 371 2482 Insequitur:
398 2420 511 2463 causas
527 2398 615 2463 tanti
630 2398 712 2463 sciat
728 2397 786 2462 illa
800 2397 923 2463 suroris.

126 2502 149 2535 “
162 2502 242 2588 Ipse
257 2503 339 2568 mihi
353 2525 458 2589 nuper
472 2503 603 2588 Libycis
619 2510 658 2568 tu
673 2503 769 2568 testis
783 2502 818 2568 in
834 2502 941 2586 undis,

126 2607 149 2640 “
165 2607 274 2688 Quam
288 2609 409 2674 molem
424 2609 532 2674 subito
548 2608 704 2675 excierit:
730 2608 832 2673 maria
847 2608 956 2673 omnia
968 2607 1055 2673 coelo
1122 2603 1190 2675 790

127 2712 149 2746 “
163 2712 311 2798 Miscuit,
329 2713 453 2779 Aeoliis
469 2713 691 2799 nequidquam
708 2714 792 2778 freta
808 2713 966 2799 procellis,

128 2819 206 2884 “In
222 2821 327 2905 regnis
341 2820 402 2886 hoc
419 2842 499 2886 ausa
515 2819 593 2886 tuis.

126 2924 148 2957 “
162 2925 228 2990 Per
240 2927 344 2991 scelus
359 2947 432 2991 ecce
448 2925 550 2990 etiam
567 2925 714 3010 Trojanis
729 2927 890 2991 matribus
906 2924 988 2991 actis

127 3029 148 3061 ‘⁴
162 3029 300 3096 Exussit
315 3031 407 3096 foede
423 3053 561 3116 puppes,
578 3037 612 3095 et
629 3031 730 3097 classe
747 3031 876 3118 subegit

126 3133 294 3201 “Amissa
311 3137 410 3202 socios
426 3137 556 3222 ignotae
571 3137 716 3222 linquere
732 3145 844 3203 terrae.
1122 3129 1188 3199 795

126 3241 257 3322 “Quod
273 3249 431 3327 superest,
448 3264 512 3327 oro,
525 3242 624 3307 liceat
640 3243 715 3307 dare
732 3249 808 3307 tuta
824 3263 881 3327 per
895 3240 1001 3304 undas

126 3345 245 3432 “Vela
261 3346 333 3431 tibi,
352 3345 449 3411 liceat
465 3347 665 3412 Laurentem
681 3347 843 3432 attingere
860 3343 1030 3428 Thybrim,

126 3451 149 3485 “
164 3451 200 3518 si
216 3472 366 3516 concessa
381 3460 467 3536 peto,
486 3451 609 3516 sidant
626 3451 808 3516 camoenis
824 3450 978 3514 Parcae.''

125 3556 214 3621 Tum
224 3555 405 3624 Saturnius
420 3557 500 3621 haec
517 3557 657 3622 domitor
672 3555 771 3619 maris
788 3553 890 3619 edidit
906 3553 991 3620 alti:

125 3660 148 3693 “
160 3660 227 3725 Fas
243 3681 338 3725 omne
354 3667 414 3744 est,
434 3659 604 3744 Cytherea,
622 3659 704 3724 meis
719 3666 753 3722 te
769 3657 866 3722 fidere
882 3658 1000 3744 regnis,
1119 3657 1185 3721 800

125 3764 147 3800 “
162 3764 261 3832 Unde
278 3785 381 3850 genus
397 3765 498 3830 ducis.
545 3764 653 3828 Merui
667 3784 815 3848 quoque:
842 3783 936 3849 saepe
952 3765 1074 3828 furores

124 3870 145 3904 “
159 3869 346 3957 Compressi
361 3877 395 3934 et
411 3868 534 3934 rabiem
549 3876 679 3934 tantam
696 3869 839 3954 coelique
855 3869 1018 3954 marisque
1032 3888 1042 3950 ;

123 3974 145 4008 “
158 3974 227 4041 Nec
243 3975 351 4040 minor
364 3973 399 4038 in
415 3973 702 4040 terris-Xanthum
719 3973 954 4057 Simoentaque
970 3977 1089 4036 testor-
