2944 4522
260 324 326 390 288
464 305 483 340 ’
611 344 782 391 susurros
806 345 871 392 um.
897 344 958 391 xn.

258 502 320 568 Ille
335 503 451 570 avidus
467 526 596 590 pugnae
613 527 703 571 suras
718 503 895 570 incluserat
910 526 989 568 auro
1250 501 1321 567 430

258 609 346 696 Hinc
361 617 462 696 atque
477 611 563 695 hinc,
581 613 715 696 oditque
730 633 836 676 moras
851 611 1045 694 hastamque
1062 617 1217 676 coruscat.

258 715 440 800 Postquam
455 717 575 782 habilis
590 719 686 783 lateri
702 719 825 803 clipeus
842 718 1002 801 loricaque
1019 725 1108 802 tergo
1124 725 1196 799 est;

257 819 438 887 Ascanium
452 821 533 888 fusis
551 823 673 888 circum
692 823 925 909 complectitur
941 822 1049 904 armis,

259 925 460 1010 Summaque
473 948 531 1012 per
546 927 675 1012 galeam
691 927 838 993 delibans
854 928 962 992 oscula
977 927 1086 992 fatur:

259 1030 280 1062 “
293 1030 401 1116 Disce,
419 1053 509 1118 puer,
526 1032 685 1096 virtutem
701 1055 742 1097 ex
757 1054 810 1097 me
825 1054 1003 1116 verumque
1018 1032 1169 1116 laborem,
1252 1033 1320 1098 435

259 1134 476 1202 “Fortunam
491 1159 532 1202 ex
547 1138 626 1204 aliis.
673 1137 773 1202 Nunc
790 1145 824 1203 te
842 1160 915 1202 mea
930 1139 1063 1203 dextera
1078 1138 1162 1202 bello

258 1238 280 1274 “
291 1240 473 1306 Defensum
488 1241 591 1325 dabit,
609 1251 642 1307 et
659 1265 778 1328 magna
794 1242 882 1307 inter
898 1242 1042 1328 praemia
1058 1244 1167 1308 ducet.

260 1344 348 1410 “Tu
363 1345 474 1429 facito,
491 1368 568 1411 mox
584 1368 686 1431 quum
703 1354 832 1411 matura
847 1347 1023 1412 adoleverit
1040 1355 1143 1428 actas,

259 1449 345 1516 “Sis
361 1471 494 1534 memor,
513 1458 546 1515 et
563 1459 607 1535 te,
625 1451 734 1516 animo
749 1459 952 1536 repetentem
968 1451 1120 1536 exempla
1135 1459 1279 1535 tuorum,

146 1543 148 1550 ’
260 1553 280 1586 “
294 1553 341 1618 Et
356 1561 453 1640 pater
467 1553 596 1619 Aeneas
612 1561 646 1619 et
663 1556 844 1621 avunculus
859 1557 980 1621 excitet
997 1556 1150 1622 Hector.''
1251 1555 1319 1620 440

324 1661 415 1726 Haec
432 1661 490 1727 ubi
505 1661 594 1726 dicta
609 1662 712 1746 dedit,
730 1663 831 1748 portis
848 1685 916 1728 sese
932 1663 1055 1728 extulit
1072 1663 1196 1748 ingens,

258 1767 378 1832 Telum
392 1767 535 1831 immane
552 1788 653 1831 manu
670 1767 840 1851 quatieus;
866 1768 965 1833 simul
980 1768 1112 1853 agmine
1127 1769 1226 1834 denso

258 1872 477 1958 Antheusque
490 1873 747 1958 Mnestheusque
763 1882 876 1957 ruunt,
894 1875 1061 1958 omnisque
1077 1874 1198 1940 relictis

259 1979 369 2045 Turba
385 1980 460 2045 fluit
476 1979 597 2045 castris.
646 1979 734 2044 Tum
750 2002 845 2048 caeco
861 1981 995 2065 pulvere
1011 2001 1147 2065 campus

258 2085 427 2168 Miscetur,
444 2085 607 2170 pulsuque
624 2085 748 2169 pedum
764 2086 876 2150 tremit
894 2084 1004 2149 excita
1020 2084 1124 2150 tellus.
1251 2080 1320 2148 445

258 2190 354 2256 Vidit
370 2190 411 2255 ab
427 2191 560 2255 adverso
575 2190 739 2255 venientes
755 2211 870 2276 aggere
888 2189 1030 2274 Turnus,

258 2295 376 2361 Videre
392 2294 542 2378 Ausonii,
560 2295 751 2379 gelidusque
768 2317 825 2378 per
840 2293 907 2358 ima
923 2293 1065 2360 cucurrit

258 2401 340 2467 Ossa
355 2409 495 2483 tremor;
519 2401 626 2486 prIma
642 2407 721 2465 ante
737 2423 846 2466 omnes
862 2400 886 2466 J
888 2410 1009 2465 uturna
1025 2399 1162 2465 Latinos

258 2506 376 2571 Audiit
392 2505 588 2590 agnovitque
605 2527 732 2590 sonum,
750 2513 783 2570 et
801 2506 991 2570 tremefacta
1006 2505 1136 2591 refugit.

258 2611 319 2676 ille
335 2610 435 2694 volat,
452 2632 632 2695 campoque
648 2619 758 2676 atrum
775 2613 860 2699 rapit
876 2633 995 2697 agmen
1012 2619 1130 2697 aperte.
1252 2609 1322 2678 450

259 2717 372 2797 Qualis
388 2715 446 2781 ubi
461 2718 504 2782 ad
519 2724 619 2783 terras
635 2719 776 2804 abrupto
793 2718 894 2783 sidere
910 2719 1041 2783 nimbus

193 2851 197 2858 ·
258 2823 293 2887 It
310 2844 398 2888 mare
413 2844 471 2909 per
486 2823 656 2906 medium;
682 2825 817 2906 miseris,
835 2825 910 2906 heu,
929 2823 1072 2909 praescia
1087 2823 1184 2907 longe

260 2927 464 2992 Horrescunt
480 2929 576 2993 corda
591 2929 739 3015 agricolis
754 2951 762 3012 3
787 2930 880 2994 dabit
896 2929 949 2993 ille
965 2928 1074 2994 ruinas

259 3033 438 3099 Arboribus
454 3041 658 3118 stragemque
674 3035 764 3118 satis,
782 3043 856 3098 ruet
872 3033 981 3098 omnia
995 3033 1084 3114 late3

259 3137 350 3203 Ante
366 3138 478 3203 volant
495 3138 703 3222 sonitumque
718 3139 828 3202 ferunt
844 3139 886 3202 ad
901 3137 998 3202 litora
1013 3137 1122 3203 venti:
1253 3137 1322 3203 455

260 3243 353 3308 Talis
369 3243 405 3308 in
421 3244 570 3308 adversos
585 3244 702 3308 ductor
717 3243 896 3308 Rhoeteius
911 3243 1020 3308 hostes

259 3347 391 3434 Agmen
407 3347 499 3432 agit;
524 3347 616 3412 densi
632 3346 742 3411 cuneis
758 3368 791 3412 se
808 3346 944 3431 quisque
961 3346 1081 3410 coactis

259 3451 505 3538 Agglomerant.
552 3451 644 3516 Ferit
661 3473 736 3516 ense
751 3472 882 3536 gravem
898 3450 1125 3534 Thymbraeus
1141 3447 1274 3532 Osirim,

259 3556 455 3623 Archetium
471 3556 672 3641 Mnestheus,
689 3555 874 3642 Epulonem
889 3557 1064 3620 obtruncat
1081 3553 1239 3636 Achates,

260 3660 485 3746 Ufentemque
501 3661 612 3746 Gyas3
637 3661 727 3726 cadit
742 3661 810 3746 ipse
828 3659 1021 3725 Tolumnius
1037 3679 1152 3742 augur,
1253 3656 1322 3723 460

170 3828 173 3834 ,
261 3765 394 3831 Primus
409 3765 445 3830 in
460 3767 610 3831 adversos
628 3767 732 3830 telum
747 3764 805 3850 qui
820 3771 958 3829 torserat
975 3762 1093 3830 hostes.

262 3871 404 3936 Tollitur
418 3871 453 3934 iu
469 3872 595 3935 coelum
611 3872 742 3954 clamor,
759 3871 905 3954 versique
920 3869 1064 3934 vicissim

260 3974 496 4040 Pulverulcuta
510 3974 590 4059 fuga
606 3975 724 4040 Rutuli
739 3977 821 4041 dant
836 3982 929 4061 terga
945 3995 1003 4060 per
1018 3993 1121 4060 agros.
