2944 4522
532 301 702 348 auunrnos
724 301 788 349 ura.
813 302 847 349 x.
1162 277 1228 342 223

165 460 383 546 Assaracique
399 460 466 526 duo
481 467 516 526 et
531 459 635 526 senior
650 481 727 526 cum
743 460 876 526 Castore
894 460 1070 545 Thymbria

167 565 280 630 Prima
296 567 400 649 acies;
425 566 485 632 hos
499 565 645 652 germani
661 566 855 652 Sarpedonis
871 566 968 632 ambo
1160 560 1226 624 125

165 671 214 736 Et
231 671 346 737 Clarus
361 679 394 736 et
411 671 559 736 Themon
574 669 677 755 Lycia
692 671 893 736 comitantur
908 672 950 736 ab
967 673 1044 738 alta.

166 776 247 841 Fert
262 777 376 862 ingena
392 783 463 841 toto
479 775 637 842 connixus
652 797 781 861 corpore
797 797 925 860 saxum,

166 882 269 946 Haud
284 889 412 967 partem
427 880 581 967 exiguam
596 882 728 965 montis,
746 879 923 966 Lyrnesius
938 880 1076 966 Acmon,

166 988 236 1054 Nec
254 989 361 1072 Clytio
376 988 519 1074 genitore
536 987 650 1072 minor,
666 1009 726 1054 nec
742 987 840 1058 fratre
857 987 1054 1053 Menestheo.

167 1092 215 1158 Hi
225 1093 353 1178 jaculis,
370 1092 419 1156 illi
436 1100 562 1158 certant
577 1092 749 1160 defendere
766 1091 865 1175 saxis,
1117 1169 1123 1182 ι
1158 1093 1223 1154 130

166 1199 339 1284 Molirique
353 1198 473 1284 ignem,
490 1219 651 1283 nervoque
667 1205 783 1284 aptare
800 1197 946 1284 sagittas.
992 1261 1000 1274 ,

167 1303 242 1389 Ipse
258 1302 344 1367 inter
358 1301 489 1385 medios,
507 1301 645 1368 Veneris
656 1301 839 1387 justissima
854 1323 942 1385 cura,

167 1407 352 1473 Dardanius
367 1415 480 1492 caput,
493 1427 576 1491 ecoe,
592 1428 674 1492 puer
688 1407 838 1472 detectus
853 1407 1039 1491 honestum,

167 1512 279 1594 Qualis
294 1533 433 1596 gemma,
451 1511 561 1590 micat,
577 1511 708 1576 fulvum
723 1531 807 1595 quae
823 1511 942 1576 dividit
959 1533 1086 1596 aurum,

165 1616 237 1682 Aut
253 1617 333 1682 collo
348 1617 446 1682 decus
461 1624 520 1681 aut
536 1616 649 1702 capiti,
666 1615 719 1682 vel
730 1616 826 1701 quale
841 1639 900 1703 per
914 1625 1019 1684 artem
1155 1620 1219 1686 135

164 1723 333 1788 Inclusum
348 1722 447 1806 buxo,
464 1729 522 1787 aut
541 1720 653 1788 Oricia
670 1722 863 1807 terebintho,

163 1827 268 1894 Lucet
283 1829 381 1910 ebur;
405 1827 493 1892 fusos
509 1827 617 1894 cervix
632 1828 685 1893 cui
701 1829 806 1893 lactea
821 1827 924 1894 crines

164 1931 295 2018 Accipit
310 1940 344 1997 et
359 1931 450 1996 molli
465 1932 660 1997 subnectens
676 1931 818 1998 circulus
834 1953 921 1998 auro.

165 2036 212 2100 Te
228 2057 355 2121 quoque
371 2035 599 2121 magnanimae
615 2036 778 2120 viderunt,
796 2037 934 2117 Ismaro,
950 2043 1065 2121 gentes

158 2141 310 2206 vVulnera
326 2141 461 2227 dirigere
478 2149 513 2206 et
529 2141 670 2206 calamos
686 2163 811 2205 armare
826 2162 962 2226 veneno,
1155 2140 1220 2206 140

164 2245 313 2310 Maeonia
328 2267 479 2332 generose
495 2247 599 2324 dorne,
617 2245 675 2310 ubi
689 2245 824 2331 pinguia
841 2245 932 2310 culta
1025 2333 1027 2339 Ι

163 2351 392 2437 Exercentque
407 2351 478 2435 viri,
496 2351 711 2436 Pactolosque
726 2351 840 2436 irrigat
855 2371 942 2418 auro.

163 2455 284 2520 Adfuit
300 2464 334 2521 et
350 2455 550 2540 Mnestheus,
568 2477 665 2540 quem
681 2455 768 2541 pulsi
783 2453 921 2540 pristina
937 2453 1041 2519 Turni

164 2558 292 2646 Aggere
308 2581 474 2626 murorum
490 2560 664 2626 sublimem
680 2558 781 2645 gloria
796 2559 895 2644 tollit,

164 2663 210 2728 Et
227 2663 353 2749 Capys:
378 2665 453 2730 hinc
471 2687 591 2730 nomen
607 2665 796 2752 Campanae
811 2667 942 2732 ducitur
956 2667 1037 2733 urbi.
1154 2666 1218 2733 145

230 2769 286 2834 Illi
301 2771 386 2836 inter
402 2791 468 2836 sese
484 2769 558 2836 duri
573 2772 750 2837 certamina
764 2771 843 2838 belli
953 2843 955 2847 ,
1053 2832 1057 2842 .

165 2874 399 2958 Contulerant3
423 2876 532 2941 media
548 2875 677 2942 Aeneas
693 2876 778 2942 freta
793 2884 889 2944 nocte
905 2879 1045 2945 secabat.

165 2979 317 3064 Namque
331 2988 371 3046 ut
386 2981 428 3046 ab
443 2981 594 3046 Evandro
610 2983 724 3047 castris
739 2981 900 3068 ingressus
916 2983 1076 3065 Etruscis,

164 3085 287 3171 Regem
301 3085 371 3150 adit
387 3093 421 3151 et
438 3087 506 3171 regi
521 3094 680 3152 memorat
696 3109 878 3172 nomenque
893 3110 1072 3173 genusque,

164 3189 290 3270 Quidve
305 3196 400 3274 petat
416 3190 534 3275 quidve
550 3189 619 3276 ipse
633 3189 737 3273 ferat;
763 3191 946 3256 Mezentius
962 3213 1053 3255 arma
1154 3194 1219 3258 150

164 3295 256 3375 Quae
272 3294 334 3359 sibi
349 3295 508 3380 conciliet,
524 3295 732 3382 violentaque
747 3304 879 3382 pectora
895 3295 999 3360 Turni

163 3397 311 3480 Edocet3
335 3398 487 3464 humanis
503 3419 587 3484 quae
603 3400 647 3465 sit
662 3399 783 3465 fiducia
798 3399 893 3464 rebus

164 3503 331 3567 Admonet
347 3487 572 3589 immiscetque
587 3501 706 3590 preces.
753 3503 854 3568 Haud
868 3503 908 3568 fit
924 3525 1031 3570 mora:
1058 3504 1208 3571 Tarchon

163 3607 186 3672 J
188 3607 285 3694 ungit
302 3629 388 3692 opes,
404 3608 580 3694 foedusque
595 3609 693 3691 ferit;
718 3617 791 3674 tum
807 3609 907 3674 libera
922 3610 983 3676 fati

165 3711 313 3777 Classem
328 3712 515 3778 conscendit
526 3712 626 3798 jussis
640 3733 720 3798 gens
735 3712 841 3797 Lydia
856 3713 980 3799 divum,
1156 3719 1218 3782 155

164 3815 312 3882 Externa
328 3818 499 3884 commissa
513 3819 598 3885 duci.
646 3818 772 3884 Aeneia
787 3819 908 3906 puppis

166 3919 278 3986 Prima
293 3928 397 4005 tenet,
414 3930 515 3988 rostro
531 3922 691 4009 Phrygios
707 3923 881 4010 subjuncta
895 3925 1003 3992 leones
1017 3947 1026 4008 ;
