2944 4522
451 1017 491 1084 P.
521 1016 716 1085 VIRGILII
746 1016 938 1086 MARONIS

369 1223 1018 1320 AENEIDOS

459 1463 603 1529 urana
627 1415 928 1537 Uunnenuus

163 1810 331 1879 Oceanum
345 1811 472 1878 interea
489 1834 623 1899 surgens
639 1811 767 1878 Aurora
783 1813 937 1898 reliquit:

162 1917 300 2002 Aeneas,
317 1939 521 2004 quamquam
535 1926 570 1983 et
586 1917 679 1984 sociis
694 1919 771 1983 dare
788 1927 921 2004 tempus
936 1920 1114 1986 humandis

162 2024 386 2110 Praecipitant
402 2045 508 2108 curae,
525 2025 726 2109 turbataque
741 2025 854 2089 funere
870 2046 962 2090 mens
979 2032 1040 2110 est,

161 2129 251 2195 Vota
267 2131 367 2194 deum
383 2129 487 2214 primo
503 2130 607 2194 victor
623 2130 769 2196 solvebat
787 2129 865 2196 Εοο.

161 2237 338 2323 Ingentem
353 2257 512 2322 quercum
528 2236 642 2302 decisis
658 2237 803 2321 undique
820 2235 920 2301 ramis

162 2342 345 2409 Constituit
361 2343 501 2426 tumulo,
517 2342 745 2429 fulgentiaque
761 2341 872 2407 induit
887 2363 988 2426 arma,

161 2448 307 2513 Mezenti
322 2448 415 2513 ducis
431 2446 576 2531 exuvias,
593 2447 666 2532 tibi,
684 2469 814 2532 magne,
832 2455 1015 2532 tropaeum,

165 2553 383 2639 Bellipotens3
408 2559 503 2638 aptat
520 2562 665 2617 rorantes
682 2553 840 2639 sanguine
857 2553 980 2638 cristas,

163 2659 306 2744 Telaque
323 2666 440 2724 trunca
456 2657 516 2722 viri
532 2666 565 2723 et
580 2658 635 2723 bis'
647 2680 704 2724 sex
720 2660 855 2724 thoraca
871 2659 1016 2744 petitum

164 2765 417 2854 Perfossumque·
428 2764 520 2846 locis,
539 2764 746 2849 clipeumque
763 2786 804 2829 cx
820 2785 892 2829 aere
908 2763 1057 2830 sinistrae
1188 2766 1227 2829 10

78 2915 83 2924 ·
164 2868 325 2954 Sublignt,
342 2879 443 2954 atque
460 2890 571 2934 ensem
586 2869 666 2934 collo
682 2869 852 2954 suspendit
869 2869 1039 2936 eburnum.

62 3048 67 3058 Ι
163 2975 252 3039 Tum
267 2975 392 3040 socios·
404 2996 546 3060 namque
563 2975 667 3040 omnis
683 2996 759 3038 eum
775 2974 898 3068 stipata
914 2975 1047 3060 tegebat

164 3079 275 3144 Turba
290 3081 412 3145 ducum
422 3080 492 3145 -sic
510 3079 668 3164 incipiens
683 3078 836 3144 hortatur
851 3086 985 3144 ovantes

164 3183 346 3250 “Maxima
362 3207 411 3250 res
427 3183 554 3266 effecta,
571 3185 653 3249 viri:
678 3183 777 3248 timor
791 3183 896 3249 omnis
911 3183 1035 3266 abest0,
1063 3240 1066 3245 .

164 3291 183 3323 “
196 3292 291 3373 Quod
308 3297 476 3377 superest:
501 3289 581 3354 haee
598 3295 676 3354 sunt
692 3289 795 3375 spolia
811 3295 844 3353 et
861 3289 902 3353 de
918 3310 991 3373 rege
1008 3289 1147 3374 superbo
1185 3293 1226 3357 15

164 3396 184 3428 “
195 3395 378 3480 Primitiae,
395 3394 610 3480 manibusque
626 3394 708 3459 meis
724 3394 909 3460 Mezentius
923 3393 976 3459 hic
993 3402 1052 3461 est.

164 3502 185 3535 “
196 3502 294 3567 Nunc
311 3502 375 3567 iter
390 3503 433 3567 ad
449 3523 559 3586 regem
574 3501 667 3566 nobis
682 3521 857 3584 murosque
872 3499 1030 3567 Latinos:

165 3607 185 3640 “
198 3608 302 3673 Arma
318 3614 433 3693 parate
449 3607 577 3690 animis,
595 3613 629 3671 et
645 3628 702 3692 spe
718 3605 917 3690 praesumite
932 3605 1069 3691 bellum,

165 3714 185 3748 “
197 3713 230 3778 N
232 3736 249 3779 a
266 3736 333 3799 qua
348 3735 439 3778 mora
454 3713 594 3800 ignaros,
612 3711 671 3777 ubi
685 3713 829 3797 primum
844 3713 961 3777 vellere
978 3712 1071 3798 signa

165 3818 185 3851 “
195 3819 384 3885 Adnuerint
400 3817 507 3904 superi
522 3818 708 3904 pubemque
725 3817 860 3881 educere
876 3817 1002 3888 castris.
1182 3817 1227 3881 20

165 3923 185 3957 “
200 3923 380 4011 Impediat,
398 3943 549 4010 segnesve
565 3929 659 3986 metu
674 3920 838 3987 sententia
854 3923 973 3989 tardet.
