<?xml version="1.0" encoding="UTF-8"?>
<!DOCTYPE html PUBLIC "-//W3C//DTD XHTML 1.0 Transitional//EN"
    "http://www.w3.org/TR/xhtml1/DTD/xhtml1-transitional.dtd">
<html xmlns="http://www.w3.org/1999/xhtml" xml:lang="en" lang="en">
 <head>
  <title>
</title>
<meta http-equiv="Content-Type" content="text/html;charset=utf-8" />
  <meta name='ocr-system' content='tesseract 3.04.00' />
  <meta name='ocr-capabilities' content='ocr_page ocr_carea ocr_par ocr_line ocrx_word'/>
</head>
<body>
  <div class='ocr_page' id='page_1' title='image "./virgilsaeneidwi00virggoog_0137.png"; bbox 0 0 2898 4518; ppageno 0'>
   <div class='ocr_carea' id='block_1_1' title="bbox 487 316 1177 380">
    <p class='ocr_par' dir='ltr' id='par_1_1' title="bbox 487 316 1177 380">
     <span class='ocr_line' id='line_1_1' title="bbox 487 316 1177 380; baseline 0.004 -3"><span class='ocrx_word' id='word_1_1' title='bbox 487 331 658 379; x_wconf 78' lang='lat' dir='ltr'>Anuurnos</span> <span class='ocrx_word' id='word_1_2' title='bbox 680 333 744 380; x_wconf 84' lang='lat' dir='ltr'>nra.</span> <span class='ocrx_word' id='word_1_3' title='bbox 770 333 802 380; x_wconf 88' lang='lat' dir='ltr'>v.</span> <span class='ocrx_word' id='word_1_4' title='bbox 1112 316 1177 380; x_wconf 88' lang='grc'>113</span> 
     </span>
    </p>
   </div>
   <div class='ocr_carea' id='block_1_2' title="bbox 32 487 1176 4058">
    <p class='ocr_par' dir='ltr' id='par_1_2' title="bbox 124 487 1071 574">
     <span class='ocr_line' id='line_1_2' title="bbox 124 487 1071 574; baseline 0.002 -20"><span class='ocrx_word' id='word_1_5' title='bbox 124 487 329 555; x_wconf 88' lang='lat' dir='ltr'>“Hectoreos</span> <span class='ocrx_word' id='word_1_6' title='bbox 344 511 466 574; x_wconf 90' lang='lat' dir='ltr'>amnes,</span> <span class='ocrx_word' id='word_1_7' title='bbox 484 490 663 556; x_wconf 88' lang='lat' dir='ltr'>Xanthum</span> <span class='ocrx_word' id='word_1_8' title='bbox 679 499 713 556; x_wconf 88' lang='lat' dir='ltr'>et</span> <span class='ocrx_word' id='word_1_9' title='bbox 730 491 910 574; x_wconf 75' lang='lat' dir='ltr'>Simodnta,</span> <span class='ocrx_word' id='word_1_10' title='bbox 930 491 1071 556; x_wconf 79' lang='lat' dir='ltr'>videbo?</span> 
     </span>
    </p>

    <p class='ocr_par' dir='ltr' id='par_1_3' title="bbox 121 594 1176 891">
     <span class='ocr_line' id='line_1_3' title="bbox 123 594 1176 682; baseline 0.005 -23"><span class='ocrx_word' id='word_1_11' title='bbox 123 594 141 626; x_wconf 80' lang='lat'><strong>“</strong></span> <span class='ocrx_word' id='word_1_12' title='bbox 153 595 235 676; x_wconf 80' lang='lat' dir='ltr'>Quin</span> <span class='ocrx_word' id='word_1_13' title='bbox 250 597 351 681; x_wconf 88' lang='lat' dir='ltr'>agite,</span> <span class='ocrx_word' id='word_1_14' title='bbox 369 603 404 660; x_wconf 90' lang='lat' dir='ltr'>et</span> <span class='ocrx_word' id='word_1_15' title='bbox 419 617 549 660; x_wconf 91' lang='lat' dir='ltr'>mecum</span> <span class='ocrx_word' id='word_1_16' title='bbox 563 597 724 662; x_wconf 86' lang='lat' dir='ltr'>infaustas</span> <span class='ocrx_word' id='word_1_17' title='bbox 740 597 866 662; x_wconf 79' lang='lat' dir='ltr'><strong>exurite</strong></span> <span class='ocrx_word' id='word_1_18' title='bbox 882 619 1009 682; x_wconf 82' lang='lat' dir='ltr'>puppes</span> <span class='ocrx_word' id='word_1_19' title='bbox 1024 619 1031 664; x_wconf 90' lang='lat'>:</span> <span class='ocrx_word' id='word_1_20' title='bbox 1111 598 1176 664; x_wconf 88' lang='lat'>635</span> 
     </span>
     <span class='ocr_line' id='line_1_4' title="bbox 122 699 1021 788; baseline 0.004 -25"><span class='ocrx_word' id='word_1_21' title='bbox 122 699 139 732; x_wconf 89' lang='lat'><strong>“</strong></span> <span class='ocrx_word' id='word_1_22' title='bbox 153 699 237 765; x_wconf 88' lang='lat' dir='ltr'>Nam</span> <span class='ocrx_word' id='word_1_23' title='bbox 252 701 335 766; x_wconf 91' lang='lat' dir='ltr'>mihi</span> <span class='ocrx_word' id='word_1_24' title='bbox 352 700 555 767; x_wconf 77' lang='lat' dir='ltr'>Cassandrae</span> <span class='ocrx_word' id='word_1_25' title='bbox 571 723 629 787; x_wconf 90' lang='lat' dir='ltr'>per</span> <span class='ocrx_word' id='word_1_26' title='bbox 644 723 795 767; x_wconf 91' lang='lat' dir='ltr'>somnum</span> <span class='ocrx_word' id='word_1_27' title='bbox 811 701 896 766; x_wconf 89' lang='lat' dir='ltr'>vatis</span> <span class='ocrx_word' id='word_1_28' title='bbox 912 701 1021 788; x_wconf 73' lang='lat' dir='ltr'>imago</span> 
     </span>
     <span class='ocr_line' id='line_1_5' title="bbox 121 803 1070 891; baseline 0.002 -23"><span class='ocrx_word' id='word_1_29' title='bbox 121 803 313 871; x_wconf 89' lang='lat' dir='ltr'>“Ardentes</span> <span class='ocrx_word' id='word_1_30' title='bbox 328 807 406 870; x_wconf 91' lang='lat' dir='ltr'>dare</span> <span class='ocrx_word' id='word_1_31' title='bbox 420 805 491 870; x_wconf 84' lang='lat' dir='ltr'>visa</span> <span class='ocrx_word' id='word_1_32' title='bbox 504 805 600 872; x_wconf 90' lang='lat' dir='ltr'>faces.</span> <span class='ocrx_word' id='word_1_33' title='bbox 649 805 736 871; x_wconf 89' lang='lat' dir='ltr'>‘Hic</span> <span class='ocrx_word' id='word_1_34' title='bbox 752 807 899 891; x_wconf 88' lang='lat' dir='ltr'>quaerite</span> <span class='ocrx_word' id='word_1_35' title='bbox 917 807 1070 890; x_wconf 78' lang='lat' dir='ltr'>Trojam3</span> 
     </span>
    </p>

    <p class='ocr_par' dir='ltr' id='par_1_4' title="bbox 121 908 1152 1102">
     <span class='ocr_line' id='line_1_6' title="bbox 121 908 1152 998; baseline 0.006 -26"><span class='ocrx_word' id='word_1_36' title='bbox 121 908 139 940; x_wconf 88' lang='lat'><strong>“</strong></span> <span class='ocrx_word' id='word_1_37' title='bbox 153 909 160 940; x_wconf 86' lang='lat'>‘</span> <span class='ocrx_word' id='word_1_38' title='bbox 174 909 236 974; x_wconf 91' lang='lat' dir='ltr'>Hic</span> <span class='ocrx_word' id='word_1_39' title='bbox 252 911 370 976; x_wconf 92' lang='lat' dir='ltr'>domus</span> <span class='ocrx_word' id='word_1_40' title='bbox 386 913 456 975; x_wconf 88' lang='lat' dir='ltr'>est&#39;</span> <span class='ocrx_word' id='word_1_41' title='bbox 480 911 589 996; x_wconf 91' lang='lat' dir='ltr'>inquit</span> <span class='ocrx_word' id='word_1_42' title='bbox 607 911 736 977; x_wconf 87' lang='lat' dir='ltr'>‘vobis&#39;</span> <span class='ocrx_word' id='word_1_43' title='bbox 782 911 806 976; x_wconf 87' lang='lat' dir='ltr'><strong>J</strong></span> <span class='ocrx_word' id='word_1_44' title='bbox 808 933 862 976; x_wconf 91' lang='lat' dir='ltr'>am</span> <span class='ocrx_word' id='word_1_45' title='bbox 878 919 1009 998; x_wconf 89' lang='lat' dir='ltr'>tempus</span> <span class='ocrx_word' id='word_1_46' title='bbox 1024 911 1079 998; x_wconf 91' lang='lat' dir='ltr'>agi</span> <span class='ocrx_word' id='word_1_47' title='bbox 1094 933 1152 996; x_wconf 90' lang='lat' dir='ltr'>res,</span> 
     </span>
     <span class='ocr_line' id='line_1_7' title="bbox 121 1012 972 1102; baseline 0.004 -24"><span class='ocrx_word' id='word_1_48' title='bbox 121 1012 219 1079; x_wconf 88' lang='lat' dir='ltr'>“Nec</span> <span class='ocrx_word' id='word_1_49' title='bbox 234 1016 342 1080; x_wconf 85' lang='lat' dir='ltr'>tantis</span> <span class='ocrx_word' id='word_1_50' title='bbox 358 1037 448 1080; x_wconf 90' lang='lat' dir='ltr'>mora</span> <span class='ocrx_word' id='word_1_51' title='bbox 463 1015 625 1102; x_wconf 87' lang='lat' dir='ltr'>prodigiis.</span> <span class='ocrx_word' id='word_1_52' title='bbox 673 1016 726 1079; x_wconf 81' lang='lat' dir='ltr'>En</span> <span class='ocrx_word' id='word_1_53' title='bbox 742 1023 884 1100; x_wconf 89' lang='lat' dir='ltr'>quatuor</span> <span class='ocrx_word' id='word_1_54' title='bbox 899 1038 972 1081; x_wconf 91' lang='lat' dir='ltr'>arae</span> 
     </span>
    </p>

    <p class='ocr_par' dir='ltr' id='par_1_5' title="bbox 120 1118 1176 1418">
     <span class='ocr_line' id='line_1_8' title="bbox 121 1118 1176 1206; baseline 0.005 -25"><span class='ocrx_word' id='word_1_55' title='bbox 121 1118 139 1148; x_wconf 83' lang='lat'><strong>“</strong></span> <span class='ocrx_word' id='word_1_56' title='bbox 152 1118 329 1204; x_wconf 78' lang='lat' dir='ltr'>Neptuno:</span> <span class='ocrx_word' id='word_1_57' title='bbox 356 1122 435 1186; x_wconf 89' lang='lat' dir='ltr'>deus</span> <span class='ocrx_word' id='word_1_58' title='bbox 450 1121 521 1206; x_wconf 91' lang='lat' dir='ltr'>ipse</span> <span class='ocrx_word' id='word_1_59' title='bbox 535 1120 623 1186; x_wconf 91' lang='lat' dir='ltr'>faces</span> <span class='ocrx_word' id='word_1_60' title='bbox 637 1120 851 1206; x_wconf 90' lang='lat' dir='ltr'>animumque</span> <span class='ocrx_word' id='word_1_61' title='bbox 867 1121 1062 1188; x_wconf 88' lang='lat' dir='ltr'>ministrat.&#39;’</span> <span class='ocrx_word' id='word_1_62' title='bbox 1110 1121 1176 1187; x_wconf 84' lang='lat'>640</span> 
     </span>
     <span class='ocr_line' id='line_1_9' title="bbox 120 1221 1047 1313; baseline 0.004 -27"><span class='ocrx_word' id='word_1_63' title='bbox 120 1221 204 1290; x_wconf 87' lang='lat' dir='ltr'>Haec</span> <span class='ocrx_word' id='word_1_64' title='bbox 219 1247 414 1310; x_wconf 86' lang='lat' dir='ltr'>memorans,</span> <span class='ocrx_word' id='word_1_65' title='bbox 431 1227 537 1312; x_wconf 90' lang='lat' dir='ltr'>prima</span> <span class='ocrx_word' id='word_1_66' title='bbox 552 1227 717 1292; x_wconf 91' lang='lat' dir='ltr'>infensum</span> <span class='ocrx_word' id='word_1_67' title='bbox 732 1227 766 1291; x_wconf 86' lang='lat' dir='ltr'>vi</span> <span class='ocrx_word' id='word_1_68' title='bbox 781 1227 913 1312; x_wconf 81' lang='lat' dir='ltr'>corripit</span> <span class='ocrx_word' id='word_1_69' title='bbox 928 1226 1047 1313; x_wconf 82' lang='lat' dir='ltr'><strong>ignem,</strong></span> 
     </span>
     <span class='ocr_line' id='line_1_10' title="bbox 121 1329 896 1418; baseline 0.004 -24"><span class='ocrx_word' id='word_1_70' title='bbox 121 1329 315 1417; x_wconf 82' lang='lat' dir='ltr'>Sublataque</span> <span class='ocrx_word' id='word_1_71' title='bbox 332 1333 444 1418; x_wconf 89' lang='lat' dir='ltr'>procul</span> <span class='ocrx_word' id='word_1_72' title='bbox 459 1334 577 1398; x_wconf 86' lang='lat' dir='ltr'>dextra</span> <span class='ocrx_word' id='word_1_73' title='bbox 592 1333 732 1398; x_wconf 82' lang='lat' dir='ltr'>connixa</span> <span class='ocrx_word' id='word_1_74' title='bbox 749 1340 896 1397; x_wconf 81' lang='lat' dir='ltr'>coruscat</span> 
     </span>
    </p>

    <p class='ocr_par' dir='ltr' id='par_1_6' title="bbox 120 1433 985 1522">
     <span class='ocr_line' id='line_1_11' title="bbox 120 1433 985 1522; baseline 0.005 -24"><span class='ocrx_word' id='word_1_75' title='bbox 120 1433 161 1499; x_wconf 84' lang='lat' dir='ltr'>Et</span> <span class='ocrx_word' id='word_1_76' title='bbox 170 1435 259 1519; x_wconf 89' lang='lat' dir='ltr'>jacit.</span> <span class='ocrx_word' id='word_1_77' title='bbox 308 1437 466 1504; x_wconf 88' lang='lat' dir='ltr'>Arrectae</span> <span class='ocrx_word' id='word_1_78' title='bbox 481 1445 607 1502; x_wconf 89' lang='lat' dir='ltr'>mentes</span> <span class='ocrx_word' id='word_1_79' title='bbox 624 1437 872 1522; x_wconf 76' lang='lat' dir='ltr'>stupefactaque</span> <span class='ocrx_word' id='word_1_80' title='bbox 889 1438 985 1504; x_wconf 89' lang='lat' dir='ltr'>corda</span> 
     </span>
    </p>

    <p class='ocr_par' dir='ltr' id='par_1_7' title="bbox 119 1539 1008 1628">
     <span class='ocr_line' id='line_1_12' title="bbox 119 1539 1008 1628; baseline 0.004 -24"><span class='ocrx_word' id='word_1_81' title='bbox 119 1539 264 1610; x_wconf 88' lang='lat' dir='ltr'>Iliadum.</span> <span class='ocrx_word' id='word_1_82' title='bbox 312 1543 379 1608; x_wconf 90' lang='lat' dir='ltr'>Hic</span> <span class='ocrx_word' id='word_1_83' title='bbox 395 1565 461 1608; x_wconf 90' lang='lat' dir='ltr'>una</span> <span class='ocrx_word' id='word_1_84' title='bbox 477 1564 494 1607; x_wconf 93' lang='lat' dir='ltr'>e</span> <span class='ocrx_word' id='word_1_85' title='bbox 510 1543 636 1628; x_wconf 89' lang='lat' dir='ltr'>multis,</span> <span class='ocrx_word' id='word_1_86' title='bbox 653 1564 737 1628; x_wconf 88' lang='lat' dir='ltr'>quae</span> <span class='ocrx_word' id='word_1_87' title='bbox 753 1542 898 1608; x_wconf 88' lang='lat' dir='ltr'>maxima</span> <span class='ocrx_word' id='word_1_88' title='bbox 912 1549 1008 1628; x_wconf 90' lang='lat' dir='ltr'>natu,</span> 
     </span>
    </p>

    <p class='ocr_par' dir='ltr' id='par_1_8' title="bbox 119 1647 1173 1838">
     <span class='ocr_line' id='line_1_13' title="bbox 119 1647 1173 1735; baseline 0.005 -25"><span class='ocrx_word' id='word_1_89' title='bbox 119 1647 228 1735; x_wconf 87' lang='lat' dir='ltr'>Pyrgo,</span> <span class='ocrx_word' id='word_1_90' title='bbox 245 1657 299 1716; x_wconf 88' lang='lat' dir='ltr'>tot</span> <span class='ocrx_word' id='word_1_91' title='bbox 317 1649 443 1715; x_wconf 89' lang='lat' dir='ltr'>Priami</span> <span class='ocrx_word' id='word_1_92' title='bbox 458 1656 613 1714; x_wconf 89' lang='lat' dir='ltr'>natorum</span> <span class='ocrx_word' id='word_1_93' title='bbox 630 1649 719 1733; x_wconf 86' lang='lat' dir='ltr'>regia</span> <span class='ocrx_word' id='word_1_94' title='bbox 729 1648 865 1714; x_wconf 87' lang='lat' dir='ltr'>nutrix:</span> <span class='ocrx_word' id='word_1_95' title='bbox 1107 1647 1173 1715; x_wconf 83' lang='lat'>645</span> 
     </span>
     <span class='ocr_line' id='line_1_14' title="bbox 120 1751 972 1838; baseline 0.001 -21"><span class='ocrx_word' id='word_1_96' title='bbox 120 1751 139 1782; x_wconf 89' lang='lat'><em>“</em></span> <span class='ocrx_word' id='word_1_97' title='bbox 151 1753 222 1818; x_wconf 84' lang='lat' dir='ltr'>Non</span> <span class='ocrx_word' id='word_1_98' title='bbox 239 1755 343 1820; x_wconf 71' lang='lat' dir='ltr'>Beroe</span> <span class='ocrx_word' id='word_1_99' title='bbox 359 1754 458 1838; x_wconf 89' lang='lat' dir='ltr'>vobis,</span> <span class='ocrx_word' id='word_1_100' title='bbox 476 1776 541 1818; x_wconf 91' lang='lat' dir='ltr'>non</span> <span class='ocrx_word' id='word_1_101' title='bbox 556 1753 637 1818; x_wconf 92' lang='lat' dir='ltr'>haec</span> <span class='ocrx_word' id='word_1_102' title='bbox 654 1753 823 1835; x_wconf 81' lang='lat' dir='ltr'>Rhoeteia,</span> <span class='ocrx_word' id='word_1_103' title='bbox 840 1759 972 1836; x_wconf 89' lang='lat' dir='ltr'>matres,</span> 
     </span>
    </p>

    <p class='ocr_par' dir='ltr' id='par_1_9' title="bbox 119 1843 1069 2050">
     <span class='ocr_line' id='line_1_15' title="bbox 120 1843 1069 1944; baseline 0.003 -22"><span class='ocrx_word' id='word_1_104' title='bbox 120 1857 210 1923; x_wconf 85' lang='lat' dir='ltr'>“Est</span> <span class='ocrx_word' id='word_1_105' title='bbox 226 1859 361 1944; x_wconf 88' lang='lat' dir='ltr'>Dorycli</span> <span class='ocrx_word' id='word_1_106' title='bbox 377 1859 497 1944; x_wconf 83' lang='lat' dir='ltr'>conjux</span> <span class='ocrx_word' id='word_1_107' title='bbox 511 1881 518 1925; x_wconf 92' lang='lat'>:</span> <span class='ocrx_word' id='word_1_108' title='bbox 544 1858 648 1924; x_wconf 88' lang='lat' dir='ltr'>divini</span> <span class='ocrx_word' id='word_1_109' title='bbox 664 1858 756 1944; x_wconf 90' lang='lat' dir='ltr'>signa</span> <span class='ocrx_word' id='word_1_110' title='bbox 772 1857 893 1924; x_wconf 90' lang='lat' dir='ltr'>decoris</span> <span class='ocrx_word' id='word_1_111' title='bbox 1064 1843 1069 1852; x_wconf 47' lang='lat'>¹</span> 
     </span>
     <span class='ocr_line' id='line_1_16' title="bbox 119 1963 937 2050; baseline 0 -22"><span class='ocrx_word' id='word_1_112' title='bbox 119 1963 373 2050; x_wconf 88' lang='lat' dir='ltr'>“Ardentesque</span> <span class='ocrx_word' id='word_1_113' title='bbox 388 1971 501 2030; x_wconf 88' lang='lat' dir='ltr'>notate</span> <span class='ocrx_word' id='word_1_114' title='bbox 517 1964 636 2048; x_wconf 89' lang='lat' dir='ltr'>oculos,</span> <span class='ocrx_word' id='word_1_115' title='bbox 654 1964 711 2049; x_wconf 92' lang='lat' dir='ltr'>qui</span> <span class='ocrx_word' id='word_1_116' title='bbox 726 1964 862 2050; x_wconf 89' lang='lat' dir='ltr'>spiritus</span> <span class='ocrx_word' id='word_1_117' title='bbox 877 1963 937 2048; x_wconf 91' lang='lat' dir='ltr'>illi,</span> 
     </span>
    </p>

    <p class='ocr_par' dir='ltr' id='par_1_10' title="bbox 119 2069 952 2156">
     <span class='ocr_line' id='line_1_17' title="bbox 119 2069 952 2156; baseline 0.002 -22"><span class='ocrx_word' id='word_1_118' title='bbox 119 2069 210 2150; x_wconf 80' lang='lat' dir='ltr'>“Qui</span> <span class='ocrx_word' id='word_1_119' title='bbox 224 2071 349 2155; x_wconf 88' lang='lat' dir='ltr'>vultus,</span> <span class='ocrx_word' id='word_1_120' title='bbox 365 2069 516 2155; x_wconf 85' lang='lat' dir='ltr'>vocisque</span> <span class='ocrx_word' id='word_1_121' title='bbox 533 2091 640 2154; x_wconf 90' lang='lat' dir='ltr'>sonus,</span> <span class='ocrx_word' id='word_1_122' title='bbox 658 2078 692 2134; x_wconf 91' lang='lat' dir='ltr'>et</span> <span class='ocrx_word' id='word_1_123' title='bbox 707 2091 835 2156; x_wconf 86' lang='lat' dir='ltr'>gressus</span> <span class='ocrx_word' id='word_1_124' title='bbox 851 2069 952 2136; x_wconf 83' lang='lat' dir='ltr'>eunti</span> 
     </span>
    </p>

    <p class='ocr_par' dir='ltr' id='par_1_11' title="bbox 119 2172 1175 2366">
     <span class='ocr_line' id='line_1_18' title="bbox 119 2172 1175 2262; baseline 0.003 -24"><span class='ocrx_word' id='word_1_125' title='bbox 119 2172 223 2260; x_wconf 90' lang='lat' dir='ltr'>“Ipsa</span> <span class='ocrx_word' id='word_1_126' title='bbox 239 2183 371 2262; x_wconf 87' lang='lat' dir='ltr'>egomet</span> <span class='ocrx_word' id='word_1_127' title='bbox 386 2176 513 2241; x_wconf 90' lang='lat' dir='ltr'>dudum</span> <span class='ocrx_word' id='word_1_128' title='bbox 531 2175 659 2240; x_wconf 74' lang='lat' dir='ltr'>Beroen</span> <span class='ocrx_word' id='word_1_129' title='bbox 675 2175 818 2260; x_wconf 90' lang='lat' dir='ltr'>digressa</span> <span class='ocrx_word' id='word_1_130' title='bbox 833 2174 950 2258; x_wconf 89' lang='lat' dir='ltr'>reliqui</span> <span class='ocrx_word' id='word_1_131' title='bbox 1107 2177 1175 2243; x_wconf 89' lang='lat'>650</span> 
     </span>
     <span class='ocr_line' id='line_1_19' title="bbox 119 2276 962 2366; baseline 0 -24"><span class='ocrx_word' id='word_1_132' title='bbox 119 2276 138 2309; x_wconf 87' lang='lat'>“</span> <span class='ocrx_word' id='word_1_133' title='bbox 148 2277 300 2366; x_wconf 84' lang='lat' dir='ltr'>Aegram,</span> <span class='ocrx_word' id='word_1_134' title='bbox 318 2278 558 2366; x_wconf 83' lang='lat' dir='ltr'>indignantem,</span> <span class='ocrx_word' id='word_1_135' title='bbox 575 2279 637 2344; x_wconf 88' lang='lat' dir='ltr'>tali</span> <span class='ocrx_word' id='word_1_136' title='bbox 651 2279 740 2364; x_wconf 92' lang='lat' dir='ltr'>quod</span> <span class='ocrx_word' id='word_1_137' title='bbox 756 2278 823 2344; x_wconf 88' lang='lat' dir='ltr'>sola</span> <span class='ocrx_word' id='word_1_138' title='bbox 839 2285 962 2343; x_wconf 90' lang='lat' dir='ltr'>careret</span> 
     </span>
    </p>

    <p class='ocr_par' dir='ltr' id='par_1_12' title="bbox 118 2381 1027 2470">
     <span class='ocr_line' id='line_1_20' title="bbox 118 2381 1027 2470; baseline 0.003 -23"><span class='ocrx_word' id='word_1_139' title='bbox 118 2381 136 2412; x_wconf 75' lang='lat'>‘²</span> <span class='ocrx_word' id='word_1_140' title='bbox 149 2383 291 2470; x_wconf 89' lang='lat' dir='ltr'>Munere,</span> <span class='ocrx_word' id='word_1_141' title='bbox 309 2406 369 2449; x_wconf 89' lang='lat' dir='ltr'>nce</span> <span class='ocrx_word' id='word_1_142' title='bbox 385 2384 517 2449; x_wconf 89' lang='lat' dir='ltr'>meritos</span> <span class='ocrx_word' id='word_1_143' title='bbox 532 2382 697 2449; x_wconf 89' lang='lat' dir='ltr'>Anchisae</span> <span class='ocrx_word' id='word_1_144' title='bbox 713 2383 845 2448; x_wconf 89' lang='lat' dir='ltr'>inferret</span> <span class='ocrx_word' id='word_1_145' title='bbox 862 2383 1027 2450; x_wconf 89' lang='lat' dir='ltr'>honores.’&#39;</span> 
     </span>
    </p>

    <p class='ocr_par' dir='ltr' id='par_1_13' title="bbox 117 2487 329 2557">
     <span class='ocr_line' id='line_1_21' title="bbox 117 2487 329 2557; baseline 0.028 -6"><span class='ocrx_word' id='word_1_146' title='bbox 117 2487 202 2555; x_wconf 89' lang='lat' dir='ltr'>Haec</span> <span class='ocrx_word' id='word_1_147' title='bbox 219 2491 329 2557; x_wconf 87' lang='lat' dir='ltr'>effata.</span> 
     </span>
    </p>

    <p class='ocr_par' dir='ltr' id='par_1_14' title="bbox 116 2591 942 2682">
     <span class='ocr_line' id='line_1_22' title="bbox 116 2591 942 2682; baseline 0.007 -26"><span class='ocrx_word' id='word_1_148' title='bbox 116 2591 162 2658; x_wconf 91' lang='lat' dir='ltr'>At</span> <span class='ocrx_word' id='word_1_149' title='bbox 177 2604 296 2662; x_wconf 90' lang='lat' dir='ltr'>matres</span> <span class='ocrx_word' id='word_1_150' title='bbox 313 2594 418 2682; x_wconf 90' lang='lat' dir='ltr'>primo</span> <span class='ocrx_word' id='word_1_151' title='bbox 434 2593 594 2681; x_wconf 88' lang='lat' dir='ltr'>ancipites</span> <span class='ocrx_word' id='word_1_152' title='bbox 609 2595 775 2680; x_wconf 91' lang='lat' dir='ltr'>oculisque</span> <span class='ocrx_word' id='word_1_153' title='bbox 791 2596 942 2682; x_wconf 89' lang='lat' dir='ltr'>malignis</span> 
     </span>
    </p>

    <p class='ocr_par' dir='ltr' id='par_1_15' title="bbox 32 2697 1175 2891">
     <span class='ocr_line' id='line_1_23' title="bbox 32 2697 1175 2796; baseline 0.01 -35"><span class='ocrx_word' id='word_1_154' title='bbox 32 2777 43 2796; x_wconf 81' lang='lat'><em>.</em></span> <span class='ocrx_word' id='word_1_155' title='bbox 116 2697 296 2788; x_wconf 83' lang='lat' dir='ltr'>Ambiguae</span> <span class='ocrx_word' id='word_1_156' title='bbox 313 2708 460 2787; x_wconf 88' lang='lat' dir='ltr'>spectare</span> <span class='ocrx_word' id='word_1_157' title='bbox 475 2708 562 2765; x_wconf 88' lang='lat' dir='ltr'>rates</span> <span class='ocrx_word' id='word_1_158' title='bbox 577 2700 735 2766; x_wconf 89' lang='lat' dir='ltr'>miserum</span> <span class='ocrx_word' id='word_1_159' title='bbox 750 2701 837 2768; x_wconf 89' lang='lat' dir='ltr'>inter</span> <span class='ocrx_word' id='word_1_160' title='bbox 852 2723 995 2767; x_wconf 88' lang='lat' dir='ltr'>amorem</span> <span class='ocrx_word' id='word_1_161' title='bbox 1109 2705 1175 2772; x_wconf 82' lang='lat'>655</span> 
     </span>
     <span class='ocr_line' id='line_1_24' title="bbox 116 2801 948 2891; baseline 0.01 -27"><span class='ocrx_word' id='word_1_162' title='bbox 116 2801 295 2872; x_wconf 88' lang='lat' dir='ltr'>Praesentis</span> <span class='ocrx_word' id='word_1_163' title='bbox 313 2814 415 2870; x_wconf 90' lang='lat' dir='ltr'>terrae</span> <span class='ocrx_word' id='word_1_164' title='bbox 430 2804 573 2890; x_wconf 85' lang='lat' dir='ltr'>fatisque</span> <span class='ocrx_word' id='word_1_165' title='bbox 588 2805 741 2870; x_wconf 87' lang='lat' dir='ltr'>vocantia</span> <span class='ocrx_word' id='word_1_166' title='bbox 757 2827 874 2891; x_wconf 90' lang='lat' dir='ltr'>regna:</span> <span class='ocrx_word' id='word_1_167' title='bbox 944 2839 948 2848; x_wconf 93' lang='lat'>·</span> 
     </span>
    </p>

    <p class='ocr_par' dir='ltr' id='par_1_16' title="bbox 115 2909 950 3102">
     <span class='ocr_line' id='line_1_25' title="bbox 116 2909 950 2997; baseline 0.004 -24"><span class='ocrx_word' id='word_1_168' title='bbox 116 2909 220 2989; x_wconf 82' lang='lat' dir='ltr'>Quum</span> <span class='ocrx_word' id='word_1_169' title='bbox 235 2912 299 2978; x_wconf 92' lang='lat' dir='ltr'>dea</span> <span class='ocrx_word' id='word_1_170' title='bbox 316 2933 350 2977; x_wconf 90' lang='lat' dir='ltr'>se</span> <span class='ocrx_word' id='word_1_171' title='bbox 365 2911 499 2997; x_wconf 90' lang='lat' dir='ltr'>paribus</span> <span class='ocrx_word' id='word_1_172' title='bbox 514 2933 572 2996; x_wconf 90' lang='lat' dir='ltr'>per</span> <span class='ocrx_word' id='word_1_173' title='bbox 587 2910 712 2976; x_wconf 90' lang='lat' dir='ltr'>coelum</span> <span class='ocrx_word' id='word_1_174' title='bbox 729 2911 865 2976; x_wconf 90' lang='lat' dir='ltr'>sustulit</span> <span class='ocrx_word' id='word_1_175' title='bbox 880 2912 950 2996; x_wconf 88' lang='lat' dir='ltr'>alis,</span> 
     </span>
     <span class='ocr_line' id='line_1_26' title="bbox 115 3007 936 3102; baseline 0.01 -28"><span class='ocrx_word' id='word_1_176' title='bbox 115 3007 351 3100; x_wconf 82' lang='lat' dir='ltr'>lugentemque</span> <span class='ocrx_word' id='word_1_177' title='bbox 366 3015 445 3102; x_wconf 89' lang='lat' dir='ltr'>fuga</span> <span class='ocrx_word' id='word_1_178' title='bbox 461 3015 565 3081; x_wconf 87' lang='lat' dir='ltr'>secuit</span> <span class='ocrx_word' id='word_1_179' title='bbox 582 3014 642 3079; x_wconf 90' lang='lat' dir='ltr'>sub</span> <span class='ocrx_word' id='word_1_180' title='bbox 658 3015 801 3081; x_wconf 87' lang='lat' dir='ltr'>nubibus</span> <span class='ocrx_word' id='word_1_181' title='bbox 816 3037 936 3082; x_wconf 90' lang='lat' dir='ltr'>arcum.</span> 
     </span>
    </p>

    <p class='ocr_par' dir='ltr' id='par_1_17' title="bbox 114 3115 1175 3517">
     <span class='ocr_line' id='line_1_27' title="bbox 116 3115 938 3204; baseline 0.004 -24"><span class='ocrx_word' id='word_1_182' title='bbox 116 3115 199 3183; x_wconf 81' lang='lat' dir='ltr'>Tum</span> <span class='ocrx_word' id='word_1_183' title='bbox 215 3141 293 3186; x_wconf 90' lang='lat' dir='ltr'>vero</span> <span class='ocrx_word' id='word_1_184' title='bbox 311 3120 473 3184; x_wconf 88' lang='lat' dir='ltr'>attonitae</span> <span class='ocrx_word' id='word_1_185' title='bbox 489 3117 817 3204; x_wconf 85' lang='lat' dir='ltr'>monstrisactaeque</span> <span class='ocrx_word' id='word_1_186' title='bbox 832 3119 938 3184; x_wconf 85' lang='lat' dir='ltr'>furore</span> 
     </span>
     <span class='ocr_line' id='line_1_28' title="bbox 117 3219 1175 3314; baseline 0.003 -29"><span class='ocrx_word' id='word_1_187' title='bbox 117 3219 341 3307; x_wconf 81' lang='lat' dir='ltr'>Conclamant,</span> <span class='ocrx_word' id='word_1_188' title='bbox 358 3224 555 3309; x_wconf 90' lang='lat' dir='ltr'>rapiuntque</span> <span class='ocrx_word' id='word_1_189' title='bbox 571 3222 649 3288; x_wconf 91' lang='lat' dir='ltr'>focis</span> <span class='ocrx_word' id='word_1_190' title='bbox 666 3223 887 3308; x_wconf 89' lang='lat' dir='ltr'>penetralibus</span> <span class='ocrx_word' id='word_1_191' title='bbox 901 3222 1031 3314; x_wconf 62' lang='lat' dir='ltr'>ignemq</span> <span class='ocrx_word' id='word_1_192' title='bbox 1110 3224 1175 3289; x_wconf 88' lang='lat'>660</span> 
     </span>
     <span class='ocr_line' id='line_1_29' title="bbox 115 3323 997 3412; baseline 0.002 -25"><span class='ocrx_word' id='word_1_193' title='bbox 115 3323 192 3391; x_wconf 88' lang='lat' dir='ltr'>Pars</span> <span class='ocrx_word' id='word_1_194' title='bbox 208 3327 354 3412; x_wconf 90' lang='lat' dir='ltr'>spoliant</span> <span class='ocrx_word' id='word_1_195' title='bbox 370 3347 453 3410; x_wconf 88' lang='lat' dir='ltr'>aras,</span> <span class='ocrx_word' id='word_1_196' title='bbox 469 3327 618 3392; x_wconf 89' lang='lat' dir='ltr'>frondem</span> <span class='ocrx_word' id='word_1_197' title='bbox 633 3349 671 3392; x_wconf 89' lang='lat' dir='ltr'>ac</span> <span class='ocrx_word' id='word_1_198' title='bbox 686 3326 829 3412; x_wconf 83' lang='lat' dir='ltr'>virgulta</span> <span class='ocrx_word' id='word_1_199' title='bbox 844 3326 997 3409; x_wconf 82' lang='lat' dir='ltr'>facesque</span> 
     </span>
     <span class='ocr_line' id='line_1_30' title="bbox 114 3429 963 3517; baseline 0.001 -22"><span class='ocrx_word' id='word_1_200' title='bbox 114 3429 310 3517; x_wconf 83' lang='lat' dir='ltr'>Oonjiciunt.</span> <span class='ocrx_word' id='word_1_201' title='bbox 358 3430 456 3511; x_wconf 69' lang='lat' dir='ltr'>Furit</span> <span class='ocrx_word' id='word_1_202' title='bbox 472 3431 626 3498; x_wconf 90' lang='lat' dir='ltr'>immissis</span> <span class='ocrx_word' id='word_1_203' title='bbox 642 3431 812 3496; x_wconf 86' lang='lat' dir='ltr'>Vulcanus</span> <span class='ocrx_word' id='word_1_204' title='bbox 827 3429 963 3496; x_wconf 90' lang='lat' dir='ltr'>habenis</span> 
     </span>
    </p>

    <p class='ocr_par' dir='ltr' id='par_1_18' title="bbox 113 3532 1176 3937">
     <span class='ocr_line' id='line_1_31' title="bbox 114 3532 1014 3621; baseline 0.004 -26"><span class='ocrx_word' id='word_1_205' title='bbox 114 3532 267 3601; x_wconf 85' lang='lat' dir='ltr'>Transtra</span> <span class='ocrx_word' id='word_1_206' title='bbox 283 3557 342 3620; x_wconf 86' lang='lat' dir='ltr'>per</span> <span class='ocrx_word' id='word_1_207' title='bbox 358 3543 392 3600; x_wconf 92' lang='lat' dir='ltr'>et</span> <span class='ocrx_word' id='word_1_208' title='bbox 408 3557 511 3601; x_wconf 89' lang='lat' dir='ltr'>remos</span> <span class='ocrx_word' id='word_1_209' title='bbox 528 3544 561 3601; x_wconf 88' lang='lat' dir='ltr'>et</span> <span class='ocrx_word' id='word_1_210' title='bbox 577 3536 684 3621; x_wconf 89' lang='lat' dir='ltr'>pietas</span> <span class='ocrx_word' id='word_1_211' title='bbox 699 3535 806 3600; x_wconf 89' lang='lat' dir='ltr'>abiete</span> <span class='ocrx_word' id='word_1_212' title='bbox 823 3555 959 3620; x_wconf 90' lang='lat' dir='ltr'>puppes.</span> <span class='ocrx_word' id='word_1_213' title='bbox 1009 3603 1014 3612; x_wconf 66' lang='grc'>,</span> 
     </span>
     <span class='ocr_line' id='line_1_32' title="bbox 113 3638 1026 3726; baseline 0.005 -23"><span class='ocrx_word' id='word_1_214' title='bbox 113 3638 260 3706; x_wconf 88' lang='lat' dir='ltr'>Nuntius</span> <span class='ocrx_word' id='word_1_215' title='bbox 276 3641 442 3706; x_wconf 90' lang='lat' dir='ltr'>Anchisae</span> <span class='ocrx_word' id='word_1_216' title='bbox 459 3643 501 3708; x_wconf 90' lang='lat' dir='ltr'>ad</span> <span class='ocrx_word' id='word_1_217' title='bbox 517 3643 688 3708; x_wconf 88' lang='lat' dir='ltr'>tumulum</span> <span class='ocrx_word' id='word_1_218' title='bbox 703 3661 888 3726; x_wconf 88' lang='lat' dir='ltr'>cuneosque</span> <span class='ocrx_word' id='word_1_219' title='bbox 903 3642 1026 3708; x_wconf 91' lang='lat' dir='ltr'>theatri</span> 
     </span>
     <span class='ocr_line' id='line_1_33' title="bbox 113 3744 1176 3832; baseline 0.008 -25"><span class='ocrx_word' id='word_1_220' title='bbox 113 3744 264 3814; x_wconf 84' lang='lat' dir='ltr'>incensas</span> <span class='ocrx_word' id='word_1_221' title='bbox 280 3746 403 3832; x_wconf 79' lang='lat' dir='ltr'>perfert</span> <span class='ocrx_word' id='word_1_222' title='bbox 418 3769 517 3813; x_wconf 89' lang='lat' dir='ltr'>naves</span> <span class='ocrx_word' id='word_1_223' title='bbox 532 3747 703 3829; x_wconf 83' lang='lat' dir='ltr'>Eumelus,</span> <span class='ocrx_word' id='word_1_224' title='bbox 720 3753 754 3811; x_wconf 92' lang='lat' dir='ltr'>et</span> <span class='ocrx_word' id='word_1_225' title='bbox 769 3746 832 3832; x_wconf 91' lang='lat' dir='ltr'>ipsi</span> <span class='ocrx_word' id='word_1_226' title='bbox 1111 3751 1176 3816; x_wconf 85' lang='lat'>665</span> 
     </span>
     <span class='ocr_line' id='line_1_34' title="bbox 114 3848 943 3937; baseline 0.004 -23"><span class='ocrx_word' id='word_1_227' title='bbox 114 3848 308 3937; x_wconf 89' lang='lat' dir='ltr'>Respiciunt</span> <span class='ocrx_word' id='word_1_228' title='bbox 324 3858 431 3915; x_wconf 80' lang='lat' dir='ltr'>atram</span> <span class='ocrx_word' id='word_1_229' title='bbox 446 3851 482 3916; x_wconf 92' lang='lat' dir='ltr'>in</span> <span class='ocrx_word' id='word_1_230' title='bbox 497 3851 608 3915; x_wconf 91' lang='lat' dir='ltr'>nimbo</span> <span class='ocrx_word' id='word_1_231' title='bbox 624 3849 758 3936; x_wconf 76' lang='lat' dir='ltr'>volitare</span> <span class='ocrx_word' id='word_1_232' title='bbox 773 3850 920 3916; x_wconf 89' lang='lat' dir='ltr'>favillam</span> <span class='ocrx_word' id='word_1_233' title='bbox 934 3873 943 3934; x_wconf 90' lang='lat'>;</span> 
     </span>
    </p>

    <p class='ocr_par' dir='ltr' id='par_1_19' title="bbox 114 3954 977 4058">
     <span class='ocr_line' id='line_1_35' title="bbox 114 3954 977 4058; baseline 0.005 -40"><span class='ocrx_word' id='word_1_234' title='bbox 114 3954 241 4024; x_wconf 89' lang='lat' dir='ltr'>Primus</span> <span class='ocrx_word' id='word_1_235' title='bbox 257 3967 292 4023; x_wconf 89' lang='lat' dir='ltr'>et</span> <span class='ocrx_word' id='word_1_236' title='bbox 310 3955 486 4041; x_wconf 88' lang='lat' dir='ltr'>Ascanius,</span> <span class='ocrx_word' id='word_1_237' title='bbox 503 3977 616 4058; x_wconf 79' lang='lat' dir='ltr'>cursus</span> <span class='ocrx_word' id='word_1_238' title='bbox 632 3962 671 4020; x_wconf 91' lang='lat' dir='ltr'>ut</span> <span class='ocrx_word' id='word_1_239' title='bbox 687 3957 795 4022; x_wconf 90' lang='lat' dir='ltr'>laetus</span> <span class='ocrx_word' id='word_1_240' title='bbox 811 3963 977 4042; x_wconf 88' lang='lat' dir='ltr'>equestres</span> 
     </span>
    </p>
   </div>
   <div class='ocr_carea' id='block_1_3' title="bbox 0 0 1454 4518">
    <p class='ocr_par' dir='ltr' id='par_1_20' title="bbox 0 0 1454 4518">
     <span class='ocr_line' id='line_1_36' title="bbox 0 0 1454 4518; baseline 0 2"><span class='ocrx_word' id='word_1_241' title='bbox 0 0 1454 4518; x_wconf 95' lang='lat' dir='ltr'> </span> 
     </span>
    </p>
   </div>
  </div>
 </body>
</html>
