2944 4522
235 287 307 354 204
594 303 766 351 snrnrnos
788 303 854 351 nm.
878 303 926 350 rx

236 465 300 532 Sed
315 486 380 530 non
396 463 531 551 augurio
544 463 657 550 potuit
672 441 833 548 depellere
849 469 985 547 pestem.

185 643 200 659 ‚
235 568 315 634 Tres
327 568 426 653 juxta
440 569 590 650 famulos,
607 575 730 633 temere
744 567 830 631 inter
847 567 915 630 tela
925 565 1084 649 jacentes,

233 672 508 759 Armigerumque
524 673 622 737 Remi
636 672 757 758 premit
772 670 994 756 aurigamque,
1012 672 1072 735 sub
1087 669 1166 756 ipsis
1227 672 1294 736 330

233 777 361 843 Nactus
378 777 479 862 equis,
496 778 641 862 ferroque
658 785 745 842 secat
761 774 941 862 pendentia
957 776 1047 842 oolla.

235 883 323 948 'Pum
338 890 440 968 oaput
454 883 518 968 ipsi
533 883 639 948 aufert
655 883 796 966 domino,
813 889 1033 966 truncumque
1048 880 1203 966 relinquit

234 987 399 1072 Sanguine
415 986 669 1072 singultantem:
694 994 765 1051 atro
780 985 945 1072 tepefacta
960 1007 1072 1052 eruore

234 1092 334 1156 Terra
349 1091 475 1176 torique
486 1092 631 1159 madent.
663 1091 734 1156 Neo
746 1112 811 1156 non
822 1091 1064 1176 Lamyrumque
1075 1091 1294 1174 Lamumque,

233 1198 280 1263 Et
291 1196 448 1282 juvenem
465 1197 650 1280 Serranum,
666 1197 723 1261 illa
738 1195 797 1280 qui
811 1195 955 1280 plurima
970 1204 1065 1261 nocte
1223 1195 1292 1260 335

233 1303 383 1386 Luserat,
400 1301 534 1388 insignis
549 1301 642 1385 faeie,
659 1301 829 1386 multoque
837 1299 969 1385 jacebat

182 1455 184 1460 -
234 1407 384 1472 Membra
398 1408 457 1472 deo
472 1407 599 1473 vietus:
623 1406 711 1490 felix,
729 1406 757 1471 si
771 1412 927 1490 protenus
941 1406 1038 1471 illum

234 1511 419 1596 Aequasset
434 1511 525 1576 nocti
539 1511 656 1575 ludum
671 1509 705 1574 in
720 1511 891 1594 lucemque
907 1511 1047 1578 tulisset.

234 1617 405 1702 Impastus
420 1636 479 1680 eeu
494 1615 591 1700 plena
606 1615 655 1680 leo
671 1637 729 1701 per
744 1615 840 1680 ovilia
857 1616 1014 1680 turbans-

235 1720 358 1786 Suadet
374 1719 460 1784 enim
475 1740 593 1783 vesana
607 1719 933 1804 fames-manditque
948 1720 1115 1804 trahitque
1227 1718 1295 1784 340

234 1824 332 1888 Molle
348 1846 448 1910 pecus
464 1832 660 1909 mutumque
676 1833 780 1908 metu,
796 1824 907 1888 fremit
923 1847 974 1890 ore
991 1833 1132 1890 cruento,

234 1928 303 1993 Nec
320 1929 426 1994 minor
441 1929 578 2012 Euryali
594 1930 728 1994 caedes:
753 1928 903 1993 incensus
915 1937 948 1993 et
964 1929 1034 2014 ipse

235 2033 388 2117 Perfurit,
405 2053 443 2097 ao
458 2034 601 2097 multam
616 2033 651 2098 in
665 2033 772 2097 medio
788 2032 856 2098 sine
871 2032 1000 2097 nomine
1021 2033 1159 2118 plebem,

233 2137 428 2222 Fadumque
440 2137 688 2222 Herbesumque
700 2137 790 2202 subit
803 2137 1034 2222 Rhoetumque
1046 2137 1276 2222 Abarimque,-

234 2240 379 2326 Ignaros,
398 2241 564 2305 Rhoetum
579 2241 771 2327 vigilantem
787 2249 820 2305 et
836 2250 955 2306 cuneta
969 2241 1157 2323 videntem
1226 2239 1294 2307 345

236 2345 300 2410 Sed
315 2366 474 2430 magnum
490 2352 641 2410 metuens
657 2367 689 2410 se
704 2353 778 2430 post
796 2353 920 2410 cratera
935 2347 1077 2431 tegebat.

235 2448 370 2512 Pectore
385 2449 420 2512 in
436 2449 568 2514 adverso
584 2456 694 2514 totum
710 2449 764 2514 eui
779 2449 959 2513 comminus
975 2470 1085 2515 ensem

236 2552 393 2618 Condidit
409 2553 601 2638 assurgenti,
619 2560 653 2618 et
670 2554 777 2618 multa
792 2560 896 2618 morte
912 2554 1040 2639 recepit.
1123 2555 1125 2558 ’

234 2649 440 2740 Purpuream
455 2656 557 2721 vomit
573 2657 628 2721 ille
644 2657 798 2740 animam,
816 2665 849 2722 et
865 2679 940 2722 oum
956 2655 1114 2743 sanguine
1128 2656 1236 2721 mixta

233 2758 323 2823 Vina
339 2759 433 2824 refert
449 2759 596 2826 moriens.
644 2760 709 2825 Hio
725 2761 811 2826 furto
825 2759 969 2824 fervidus
984 2760 1107 2842 instat3
1228 2761 1296 2826 350

234 2864 378 2947 Jamque
395 2865 438 2929 ad
454 2863 598 2950 Messapi
614 2863 714 2930 socios
730 2865 899 2948 tendebat,
916 2864 973 2929 ubi
989 2865 1101 2951 ignem

230 2953 382 3032 ¹Deficere
398 2976 582 3034 extremum
598 2976 632 3033 et
649 2969 800 3054 religatos
820 2969 880 3035 rite
895 2971 1028 3035 videbat
1113 2981 1116 2988 ’

236 3072 375 3157 Carpere
390 3094 524 3159 gramen
540 3094 658 3158 equos:
683 3074 823 3140 breviter
838 3096 942 3160 quum
957 3076 1038 3140 talia
1054 3075 1175 3142 Nisus-

236 3177 344 3243 Sensit
360 3177 447 3241 enim
464 3177 567 3242 nimia
582 3179 677 3243 caede
693 3185 794 3262 atque
810 3178 961 3264 cupidine
976 3179 1075 3244 serri-

235 3282 255 3314 “
266 3281 476 3348 Absistemus
486 3304 493 3349 :
503 3285 523 3313 ''
546 3283 594 3348 ait
611 3282 632 3316 “
642 3304 720 3348 nam
735 3283 795 3348 lux
809 3283 940 3349 inimica
955 3285 1160 3370 propinquat.
1230 3287 1295 3353 355

235 3386 455 3451 “Poenarum
471 3388 669 3454 exhaustum
685 3387 765 3454 satis
781 3395 841 3472 est,
857 3389 911 3453 via
925 3388 1016 3453 faeta
1031 3411 1088 3474 per
1101 3389 1243 3457 hostes.''

234 3491 345 3556 Multa
359 3491 466 3556 virum
481 3493 582 3558 solido
598 3500 731 3579 argento
747 3493 890 3578 perfecta
907 3493 1094 3578 relinquunt
1186 3492 1189 3497 ’

234 3594 413 3680 Armaque,
431 3603 635 3682 craterasque
651 3597 760 3682 simul,
778 3598 993 3684 pulchrosque
1008 3607 1144 3684 tapetas.

234 3699 400 3784 Euryalus
416 3702 564 3786 phaleras
580 3703 776 3769 Rhamnetis
793 3712 826 3768 et
844 3725 942 3768 aurea
957 3703 1057 3770 bullis

235 3804 386 3890 (lingula,
397 3806 552 3871 -Tiburti
568 3808 706 3874 Remulo
722 3808 903 3874 ditissimus
919 3810 998 3874 olim
1230 3811 1294 3877 360

235 3911 325 3993 Quae
341 3911 447 3976 mittit
463 3913 559 3997 dona,
577 3913 719 3998 hospitio
734 3935 837 3999 quum
849 3913 1003 4001 jungeret
1019 3916 1145 4002 absens,
