<?xml version="1.0" encoding="UTF-8"?>
<!DOCTYPE html PUBLIC "-//W3C//DTD XHTML 1.0 Transitional//EN"
    "http://www.w3.org/TR/xhtml1/DTD/xhtml1-transitional.dtd">
<html xmlns="http://www.w3.org/1999/xhtml" xml:lang="en" lang="en">
 <head>
  <title>
</title>
<meta http-equiv="Content-Type" content="text/html;charset=utf-8" />
  <meta name='ocr-system' content='tesseract 3.04.00' />
  <meta name='ocr-capabilities' content='ocr_page ocr_carea ocr_par ocr_line ocrx_word'/>
</head>
<body>
  <div class='ocr_page' id='page_1' title='image "./virgilsaeneidwi00virggoog_0173.png"; bbox 0 0 2898 4518; ppageno 0'>
   <div class='ocr_carea' id='block_1_1' title="bbox 492 305 1200 374">
    <p class='ocr_par' dir='ltr' id='par_1_1' title="bbox 492 305 1200 374">
     <span class='ocr_line' id='line_1_1' title="bbox 492 305 1200 374; baseline 0.004 -4"><span class='ocrx_word' id='word_1_1' title='bbox 492 323 668 372; x_wconf 73' lang='lat' dir='ltr'>anunrnos</span> <span class='ocrx_word' id='word_1_2' title='bbox 690 324 754 372; x_wconf 81' lang='lat' dir='ltr'>nra.</span> <span class='ocrx_word' id='word_1_3' title='bbox 780 324 839 372; x_wconf 88' lang='lat' dir='ltr'>vrr.</span> <span class='ocrx_word' id='word_1_4' title='bbox 1135 305 1200 374; x_wconf 87' lang='lat'>149</span> 
     </span>
    </p>
   </div>
   <div class='ocr_carea' id='block_1_2' title="bbox 133 481 1201 4028">
    <p class='ocr_par' dir='ltr' id='par_1_2' title="bbox 133 481 1067 674">
     <span class='ocr_line' id='line_1_2' title="bbox 133 481 1067 570; baseline 0.001 -22"><span class='ocrx_word' id='word_1_5' title='bbox 133 483 279 566; x_wconf 82' lang='lat' dir='ltr'>Turnus,</span> <span class='ocrx_word' id='word_1_6' title='bbox 296 481 365 548; x_wconf 89' lang='lat' dir='ltr'>avis</span> <span class='ocrx_word' id='word_1_7' title='bbox 378 481 549 567; x_wconf 79' lang='lat' dir='ltr'><strong>atavisque</strong></span> <span class='ocrx_word' id='word_1_8' title='bbox 565 489 702 568; x_wconf 88' lang='lat' dir='ltr'>potens:</span> <span class='ocrx_word' id='word_1_9' title='bbox 728 503 826 568; x_wconf 92' lang='lat' dir='ltr'>quem</span> <span class='ocrx_word' id='word_1_10' title='bbox 842 483 930 568; x_wconf 87' lang='lat' dir='ltr'>regie</span> <span class='ocrx_word' id='word_1_11' title='bbox 946 483 1067 570; x_wconf 87' lang='lat' dir='ltr'>conjux</span> 
     </span>
     <span class='ocr_line' id='line_1_3' title="bbox 133 587 914 674; baseline 0 -22"><span class='ocrx_word' id='word_1_12' title='bbox 133 588 287 674; x_wconf 85' lang='lat' dir='ltr'>Adjungi</span> <span class='ocrx_word' id='word_1_13' title='bbox 302 609 458 674; x_wconf 86' lang='lat' dir='ltr'>generum</span> <span class='ocrx_word' id='word_1_14' title='bbox 473 587 556 652; x_wconf 90' lang='lat' dir='ltr'>miro</span> <span class='ocrx_word' id='word_1_15' title='bbox 571 589 766 673; x_wconf 82' lang='lat' dir='ltr'>properabat</span> <span class='ocrx_word' id='word_1_16' title='bbox 782 609 890 653; x_wconf 90' lang='lat' dir='ltr'>amore</span> <span class='ocrx_word' id='word_1_17' title='bbox 904 609 914 670; x_wconf 89' lang='lat'>;</span> 
     </span>
    </p>

    <p class='ocr_par' dir='ltr' id='par_1_3' title="bbox 133 693 1201 1302">
     <span class='ocr_line' id='line_1_4' title="bbox 134 693 947 778; baseline -0.001 -18"><span class='ocrx_word' id='word_1_18' title='bbox 134 694 201 760; x_wconf 79' lang='lat' dir='ltr'>Sed</span> <span class='ocrx_word' id='word_1_19' title='bbox 216 693 315 758; x_wconf 90' lang='lat' dir='ltr'>variis</span> <span class='ocrx_word' id='word_1_20' title='bbox 330 699 484 778; x_wconf 87' lang='lat' dir='ltr'>portenta</span> <span class='ocrx_word' id='word_1_21' title='bbox 500 693 599 758; x_wconf 80' lang='lat' dir='ltr'>deum</span> <span class='ocrx_word' id='word_1_22' title='bbox 615 693 790 758; x_wconf 88' lang='lat' dir='ltr'>terroribus</span> <span class='ocrx_word' id='word_1_23' title='bbox 806 693 947 760; x_wconf 87' lang='lat' dir='ltr'>obstant.</span> 
     </span>
     <span class='ocr_line' id='line_1_5' title="bbox 133 797 976 884; baseline 0 -20"><span class='ocrx_word' id='word_1_24' title='bbox 133 800 266 864; x_wconf 88' lang='lat' dir='ltr'>Laurus</span> <span class='ocrx_word' id='word_1_25' title='bbox 282 805 351 863; x_wconf 88' lang='lat' dir='ltr'>erat</span> <span class='ocrx_word' id='word_1_26' title='bbox 368 798 451 862; x_wconf 89' lang='lat' dir='ltr'>tecti</span> <span class='ocrx_word' id='word_1_27' title='bbox 466 797 583 881; x_wconf 92' lang='lat' dir='ltr'>medio,</span> <span class='ocrx_word' id='word_1_28' title='bbox 600 797 636 862; x_wconf 88' lang='lat' dir='ltr'>in</span> <span class='ocrx_word' id='word_1_29' title='bbox 651 799 871 883; x_wconf 81' lang='lat' dir='ltr'>penetralibus</span> <span class='ocrx_word' id='word_1_30' title='bbox 887 799 976 884; x_wconf 85' lang='lat' dir='ltr'>altis,</span> 
     </span>
     <span class='ocr_line' id='line_1_6' title="bbox 135 904 1201 989; baseline -0.004 -18"><span class='ocrx_word' id='word_1_31' title='bbox 135 906 236 971; x_wconf 84' lang='lat' dir='ltr'>Sacra</span> <span class='ocrx_word' id='word_1_32' title='bbox 252 925 388 987; x_wconf 90' lang='lat' dir='ltr'>comam,</span> <span class='ocrx_word' id='word_1_33' title='bbox 405 904 593 988; x_wconf 90' lang='lat' dir='ltr'>multosque</span> <span class='ocrx_word' id='word_1_34' title='bbox 609 911 701 968; x_wconf 90' lang='lat' dir='ltr'>metu</span> <span class='ocrx_word' id='word_1_35' title='bbox 718 910 846 968; x_wconf 90' lang='lat' dir='ltr'>servata</span> <span class='ocrx_word' id='word_1_36' title='bbox 863 926 921 989; x_wconf 93' lang='lat' dir='ltr'>per</span> <span class='ocrx_word' id='word_1_37' title='bbox 936 926 1050 989; x_wconf 89' lang='lat' dir='ltr'>annos,</span> <span class='ocrx_word' id='word_1_38' title='bbox 1156 905 1201 970; x_wconf 86' lang='lat'>60</span> 
     </span>
     <span class='ocr_line' id='line_1_7' title="bbox 135 1006 1093 1094; baseline 0.002 -22"><span class='ocrx_word' id='word_1_39' title='bbox 135 1010 246 1090; x_wconf 79' lang='lat' dir='ltr'>Quam</span> <span class='ocrx_word' id='word_1_40' title='bbox 262 1015 356 1092; x_wconf 89' lang='lat' dir='ltr'>pater</span> <span class='ocrx_word' id='word_1_41' title='bbox 369 1006 550 1091; x_wconf 82' lang='lat' dir='ltr'>inventam,</span> <span class='ocrx_word' id='word_1_42' title='bbox 567 1007 690 1092; x_wconf 87' lang='lat' dir='ltr'>primas</span> <span class='ocrx_word' id='word_1_43' title='bbox 705 1028 810 1092; x_wconf 92' lang='lat' dir='ltr'>quum</span> <span class='ocrx_word' id='word_1_44' title='bbox 826 1009 978 1073; x_wconf 89' lang='lat' dir='ltr'>conderet</span> <span class='ocrx_word' id='word_1_45' title='bbox 994 1030 1093 1094; x_wconf 89' lang='lat' dir='ltr'>arces,</span> 
     </span>
     <span class='ocr_line' id='line_1_8' title="bbox 134 1112 866 1200; baseline -0.003 -22"><span class='ocrx_word' id='word_1_46' title='bbox 134 1115 214 1200; x_wconf 92' lang='lat' dir='ltr'>Ipse</span> <span class='ocrx_word' id='word_1_47' title='bbox 229 1113 394 1178; x_wconf 86' lang='lat' dir='ltr'>ferebatur</span> <span class='ocrx_word' id='word_1_48' title='bbox 409 1113 540 1178; x_wconf 90' lang='lat' dir='ltr'>Phoebo</span> <span class='ocrx_word' id='word_1_49' title='bbox 557 1133 698 1178; x_wconf 82' lang='lat' dir='ltr'>sacrasse</span> <span class='ocrx_word' id='word_1_50' title='bbox 714 1112 866 1196; x_wconf 89' lang='lat' dir='ltr'>Latinus,</span> 
     </span>
     <span class='ocr_line' id='line_1_9' title="bbox 134 1217 933 1302; baseline 0 -19"><span class='ocrx_word' id='word_1_51' title='bbox 134 1219 383 1302; x_wconf 86' lang='lat' dir='ltr'>Laurentesque</span> <span class='ocrx_word' id='word_1_52' title='bbox 398 1217 441 1282; x_wconf 89' lang='lat' dir='ltr'>ab</span> <span class='ocrx_word' id='word_1_53' title='bbox 456 1238 494 1282; x_wconf 90' lang='lat' dir='ltr'>ea</span> <span class='ocrx_word' id='word_1_54' title='bbox 510 1238 629 1282; x_wconf 91' lang='lat' dir='ltr'>nomen</span> <span class='ocrx_word' id='word_1_55' title='bbox 644 1217 788 1302; x_wconf 88' lang='lat' dir='ltr'>posuisse</span> <span class='ocrx_word' id='word_1_56' title='bbox 805 1217 933 1284; x_wconf 90' lang='lat' dir='ltr'>colonis.</span> 
     </span>
    </p>

    <p class='ocr_par' dir='ltr' id='par_1_4' title="bbox 135 1322 1077 2140">
     <span class='ocr_line' id='line_1_10' title="bbox 135 1322 968 1408; baseline 0.002 -20"><span class='ocrx_word' id='word_1_57' title='bbox 135 1322 250 1407; x_wconf 89' lang='lat' dir='ltr'>Hujus</span> <span class='ocrx_word' id='word_1_58' title='bbox 265 1344 343 1408; x_wconf 91' lang='lat' dir='ltr'>apes</span> <span class='ocrx_word' id='word_1_59' title='bbox 359 1341 527 1388; x_wconf 90' lang='lat' dir='ltr'>summum</span> <span class='ocrx_word' id='word_1_60' title='bbox 542 1322 822 1386; x_wconf 90' lang='lat' dir='ltr'>densae-mirabile</span> <span class='ocrx_word' id='word_1_61' title='bbox 838 1322 932 1387; x_wconf 90' lang='lat' dir='ltr'>dictu</span> <span class='ocrx_word' id='word_1_62' title='bbox 943 1329 968 1391; x_wconf 82' lang='lat'>1-</span> 
     </span>
     <span class='ocr_line' id='line_1_11' title="bbox 136 1426 999 1513; baseline -0.003 -18"><span class='ocrx_word' id='word_1_63' title='bbox 136 1428 283 1496; x_wconf 82' lang='lat' dir='ltr'>Stu‘dore</span> <span class='ocrx_word' id='word_1_64' title='bbox 298 1427 426 1513; x_wconf 79' lang='lat' dir='ltr'>ingenti</span> <span class='ocrx_word' id='word_1_65' title='bbox 440 1426 605 1512; x_wconf 89' lang='lat' dir='ltr'>liquidum</span> <span class='ocrx_word' id='word_1_66' title='bbox 620 1433 712 1492; x_wconf 89' lang='lat' dir='ltr'>trans</span> <span class='ocrx_word' id='word_1_67' title='bbox 728 1427 860 1492; x_wconf 87' lang='lat' dir='ltr'>aethera</span> <span class='ocrx_word' id='word_1_68' title='bbox 875 1435 999 1512; x_wconf 90' lang='lat' dir='ltr'>vectae,</span> 
     </span>
     <span class='ocr_line' id='line_1_12' title="bbox 137 1531 999 1618; baseline 0.001 -20"><span class='ocrx_word' id='word_1_69' title='bbox 137 1533 305 1599; x_wconf 89' lang='lat' dir='ltr'>Obsedere</span> <span class='ocrx_word' id='word_1_70' title='bbox 321 1533 459 1618; x_wconf 83' lang='lat' dir='ltr'>apicem,</span> <span class='ocrx_word' id='word_1_71' title='bbox 477 1539 522 1616; x_wconf 91' lang='lat' dir='ltr'>et,</span> <span class='ocrx_word' id='word_1_72' title='bbox 539 1531 677 1616; x_wconf 91' lang='lat' dir='ltr'>pedibus</span> <span class='ocrx_word' id='word_1_73' title='bbox 692 1553 749 1618; x_wconf 91' lang='lat' dir='ltr'>per</span> <span class='ocrx_word' id='word_1_74' title='bbox 764 1540 882 1598; x_wconf 88' lang='lat' dir='ltr'>mutua</span> <span class='ocrx_word' id='word_1_75' title='bbox 896 1533 999 1618; x_wconf 85' lang='lat' dir='ltr'>nexis,</span> 
     </span>
     <span class='ocr_line' id='line_1_13' title="bbox 135 1636 929 1724; baseline 0.001 -21"><span class='ocrx_word' id='word_1_76' title='bbox 135 1638 291 1702; x_wconf 84' lang='lat' dir='ltr'>Examen</span> <span class='ocrx_word' id='word_1_77' title='bbox 306 1636 454 1700; x_wconf 91' lang='lat' dir='ltr'>subitum</span> <span class='ocrx_word' id='word_1_78' title='bbox 468 1657 558 1702; x_wconf 90' lang='lat' dir='ltr'>ramo</span> <span class='ocrx_word' id='word_1_79' title='bbox 573 1636 744 1702; x_wconf 87' lang='lat' dir='ltr'>frondente</span> <span class='ocrx_word' id='word_1_80' title='bbox 761 1638 929 1724; x_wconf 87' lang='lat' dir='ltr'>pependit.</span> 
     </span>
     <span class='ocr_line' id='line_1_14' title="bbox 137 1739 979 1828; baseline 0.002 -20"><span class='ocrx_word' id='word_1_81' title='bbox 137 1741 304 1808; x_wconf 79' lang='lat' dir='ltr'>Continuo</span> <span class='ocrx_word' id='word_1_82' title='bbox 320 1747 411 1806; x_wconf 90' lang='lat' dir='ltr'>vates</span> <span class='ocrx_word' id='word_1_83' title='bbox 428 1739 449 1772; x_wconf 84' lang='lat'><strong>“</strong></span> <span class='ocrx_word' id='word_1_84' title='bbox 459 1741 647 1806; x_wconf 85' lang='lat' dir='ltr'>Externum</span> <span class='ocrx_word' id='word_1_85' title='bbox 662 1741 824 1807; x_wconf 89' lang='lat' dir='ltr'>cernimus</span> <span class='ocrx_word' id='word_1_86' title='bbox 834 1745 853 1772; x_wconf 87' lang='lat'>&#39;&#39;</span> <span class='ocrx_word' id='word_1_87' title='bbox 869 1742 979 1828; x_wconf 87' lang='lat' dir='ltr'>inquit</span> 
     </span>
     <span class='ocr_line' id='line_1_15' title="bbox 137 1843 1077 1932; baseline 0.002 -22"><span class='ocrx_word' id='word_1_88' title='bbox 137 1845 364 1910; x_wconf 88' lang='lat' dir='ltr'>“Adventare</span> <span class='ocrx_word' id='word_1_89' title='bbox 379 1843 496 1929; x_wconf 90' lang='lat' dir='ltr'>virum,</span> <span class='ocrx_word' id='word_1_90' title='bbox 513 1851 547 1910; x_wconf 93' lang='lat' dir='ltr'>et</span> <span class='ocrx_word' id='word_1_91' title='bbox 562 1851 672 1931; x_wconf 86' lang='lat' dir='ltr'>partes</span> <span class='ocrx_word' id='word_1_92' title='bbox 687 1853 797 1930; x_wconf 88' lang='lat' dir='ltr'>petere</span> <span class='ocrx_word' id='word_1_93' title='bbox 813 1867 932 1932; x_wconf 87' lang='lat' dir='ltr'>agmen</span> <span class='ocrx_word' id='word_1_94' title='bbox 947 1849 1077 1914; x_wconf 88' lang='lat' dir='ltr'>easdem</span> 
     </span>
     <span class='ocr_line' id='line_1_16' title="bbox 137 1949 1046 2034; baseline 0.004 -20"><span class='ocrx_word' id='word_1_95' title='bbox 137 1951 332 2015; x_wconf 87' lang='lat' dir='ltr'>“Partibus</span> <span class='ocrx_word' id='word_1_96' title='bbox 348 1971 390 2014; x_wconf 85' lang='lat' dir='ltr'>ex</span> <span class='ocrx_word' id='word_1_97' title='bbox 405 1949 518 2034; x_wconf 81' lang='lat' dir='ltr'>isdem,</span> <span class='ocrx_word' id='word_1_98' title='bbox 536 1959 571 2014; x_wconf 90' lang='lat' dir='ltr'>et</span> <span class='ocrx_word' id='word_1_99' title='bbox 587 1971 715 2014; x_wconf 89' lang='lat' dir='ltr'>summa</span> <span class='ocrx_word' id='word_1_100' title='bbox 730 1950 927 2016; x_wconf 87' lang='lat' dir='ltr'>dominarier</span> <span class='ocrx_word' id='word_1_101' title='bbox 942 1955 1046 2020; x_wconf 87' lang='lat' dir='ltr'>aree.’&#39;</span> 
     </span>
     <span class='ocr_line' id='line_1_17' title="bbox 136 2039 924 2140; baseline -0.001 -19"><span class='ocrx_word' id='word_1_102' title='bbox 136 2057 324 2139; x_wconf 88' lang='lat' dir='ltr'>Praeterea,</span> <span class='ocrx_word' id='word_1_103' title='bbox 341 2055 439 2120; x_wconf 90' lang='lat' dir='ltr'>castis</span> <span class='ocrx_word' id='word_1_104' title='bbox 455 2055 562 2120; x_wconf 88' lang='lat' dir='ltr'>adolet</span> <span class='ocrx_word' id='word_1_105' title='bbox 578 2055 659 2120; x_wconf 92' lang='lat' dir='ltr'>dum</span> <span class='ocrx_word' id='word_1_106' title='bbox 674 2039 791 2120; x_wconf 86' lang='lat' dir='ltr'>altaria</span> <span class='ocrx_word' id='word_1_107' title='bbox 807 2055 924 2140; x_wconf 89' lang='lat' dir='ltr'>taedis,</span> 
     </span>
    </p>

    <p class='ocr_par' dir='ltr' id='par_1_5' title="bbox 137 2158 1074 2770">
     <span class='ocr_line' id='line_1_18' title="bbox 137 2158 896 2245; baseline -0.003 -19"><span class='ocrx_word' id='word_1_108' title='bbox 137 2159 192 2226; x_wconf 90' lang='lat' dir='ltr'>Ut</span> <span class='ocrx_word' id='word_1_109' title='bbox 204 2159 303 2244; x_wconf 85' lang='lat' dir='ltr'>juxta</span> <span class='ocrx_word' id='word_1_110' title='bbox 319 2158 497 2244; x_wconf 87' lang='lat' dir='ltr'>genitorem</span> <span class='ocrx_word' id='word_1_111' title='bbox 512 2159 625 2224; x_wconf 90' lang='lat' dir='ltr'>adstat</span> <span class='ocrx_word' id='word_1_112' title='bbox 642 2158 781 2224; x_wconf 88' lang='lat' dir='ltr'>Lavinia</span> <span class='ocrx_word' id='word_1_113' title='bbox 795 2159 896 2245; x_wconf 84' lang='lat' dir='ltr'>virge,</span> 
     </span>
     <span class='ocr_line' id='line_1_19' title="bbox 137 2263 1012 2350; baseline 0.001 -21"><span class='ocrx_word' id='word_1_114' title='bbox 137 2263 330 2329; x_wconf 88' lang='lat' dir='ltr'>Visa-nefas</span> <span class='ocrx_word' id='word_1_115' title='bbox 342 2263 471 2350; x_wconf 85' lang='lat' dir='ltr'>l-longis</span> <span class='ocrx_word' id='word_1_116' title='bbox 486 2264 714 2348; x_wconf 83' lang='lat' dir='ltr'>comprendere</span> <span class='ocrx_word' id='word_1_117' title='bbox 731 2263 875 2330; x_wconf 84' lang='lat' dir='ltr'>crinibus</span> <span class='ocrx_word' id='word_1_118' title='bbox 890 2264 1012 2350; x_wconf 87' lang='lat' dir='ltr'>ignem,</span> 
     </span>
     <span class='ocr_line' id='line_1_20' title="bbox 137 2368 1074 2458; baseline 0.002 -23"><span class='ocrx_word' id='word_1_119' title='bbox 137 2370 255 2454; x_wconf 85' lang='lat' dir='ltr'>Atque</span> <span class='ocrx_word' id='word_1_120' title='bbox 271 2389 400 2432; x_wconf 90' lang='lat' dir='ltr'>omnem</span> <span class='ocrx_word' id='word_1_121' title='bbox 415 2376 566 2434; x_wconf 90' lang='lat' dir='ltr'>ornatum</span> <span class='ocrx_word' id='word_1_122' title='bbox 581 2368 716 2432; x_wconf 88' lang='lat' dir='ltr'>flamma</span> <span class='ocrx_word' id='word_1_123' title='bbox 731 2369 914 2456; x_wconf 88' lang='lat' dir='ltr'>crepitante</span> <span class='ocrx_word' id='word_1_124' title='bbox 930 2371 1074 2458; x_wconf 89' lang='lat' dir='ltr'>cremari,</span> 
     </span>
     <span class='ocr_line' id='line_1_21' title="bbox 138 2474 964 2562; baseline 0 -22"><span class='ocrx_word' id='word_1_125' title='bbox 138 2474 345 2560; x_wconf 87' lang='lat' dir='ltr'>Regalesque</span> <span class='ocrx_word' id='word_1_126' title='bbox 362 2494 497 2538; x_wconf 89' lang='lat' dir='ltr'>accensa</span> <span class='ocrx_word' id='word_1_127' title='bbox 513 2495 632 2558; x_wconf 88' lang='lat' dir='ltr'>comas,</span> <span class='ocrx_word' id='word_1_128' title='bbox 650 2494 787 2540; x_wconf 87' lang='lat' dir='ltr'>accensa</span> <span class='ocrx_word' id='word_1_129' title='bbox 802 2497 964 2562; x_wconf 90' lang='lat' dir='ltr'>coronam,</span> 
     </span>
     <span class='ocr_line' id='line_1_22' title="bbox 138 2578 969 2664; baseline 0.001 -18"><span class='ocrx_word' id='word_1_130' title='bbox 138 2580 309 2664; x_wconf 89' lang='lat' dir='ltr'>Insignem</span> <span class='ocrx_word' id='word_1_131' title='bbox 325 2578 483 2664; x_wconf 91' lang='lat' dir='ltr'>gemmis;</span> <span class='ocrx_word' id='word_1_132' title='bbox 508 2587 584 2642; x_wconf 89' lang='lat' dir='ltr'>tum</span> <span class='ocrx_word' id='word_1_133' title='bbox 598 2578 726 2644; x_wconf 82' lang='lat' dir='ltr'>fumida</span> <span class='ocrx_word' id='word_1_134' title='bbox 741 2579 865 2646; x_wconf 92' lang='lat' dir='ltr'>lumine</span> <span class='ocrx_word' id='word_1_135' title='bbox 879 2580 969 2648; x_wconf 84' lang='lat' dir='ltr'>fulvo</span> 
     </span>
     <span class='ocr_line' id='line_1_23' title="bbox 139 2683 927 2770; baseline 0.004 -20"><span class='ocrx_word' id='word_1_136' title='bbox 139 2685 280 2769; x_wconf 93' lang='lat' dir='ltr'>Involvi,</span> <span class='ocrx_word' id='word_1_137' title='bbox 297 2706 334 2749; x_wconf 87' lang='lat' dir='ltr'>ac</span> <span class='ocrx_word' id='word_1_138' title='bbox 350 2683 431 2750; x_wconf 86' lang='lat' dir='ltr'>totis</span> <span class='ocrx_word' id='word_1_139' title='bbox 448 2683 638 2748; x_wconf 87' lang='lat' dir='ltr'>Vulcanum</span> <span class='ocrx_word' id='word_1_140' title='bbox 654 2706 804 2770; x_wconf 90' lang='lat' dir='ltr'>spargere</span> <span class='ocrx_word' id='word_1_141' title='bbox 820 2686 927 2753; x_wconf 86' lang='lat' dir='ltr'>tectis.</span> 
     </span>
    </p>

    <p class='ocr_par' dir='ltr' id='par_1_6' title="bbox 140 2787 896 2856">
     <span class='ocr_line' id='line_1_24' title="bbox 140 2787 896 2856; baseline 0.003 -2"><span class='ocrx_word' id='word_1_142' title='bbox 140 2791 183 2855; x_wconf 96' lang='lat' dir='ltr'>Id</span> <span class='ocrx_word' id='word_1_143' title='bbox 199 2810 273 2854; x_wconf 92' lang='lat' dir='ltr'>vero</span> <span class='ocrx_word' id='word_1_144' title='bbox 287 2789 482 2853; x_wconf 90' lang='lat' dir='ltr'>horrendum</span> <span class='ocrx_word' id='word_1_145' title='bbox 497 2809 535 2852; x_wconf 91' lang='lat' dir='ltr'>ac</span> <span class='ocrx_word' id='word_1_146' title='bbox 551 2787 624 2852; x_wconf 90' lang='lat' dir='ltr'>visu</span> <span class='ocrx_word' id='word_1_147' title='bbox 639 2787 788 2854; x_wconf 90' lang='lat' dir='ltr'>mirabile</span> <span class='ocrx_word' id='word_1_148' title='bbox 803 2789 896 2856; x_wconf 80' lang='lat' dir='ltr'>ferri:</span> 
     </span>
    </p>

    <p class='ocr_par' dir='ltr' id='par_1_7' title="bbox 140 2892 1008 3088">
     <span class='ocr_line' id='line_1_25' title="bbox 140 2892 991 2979; baseline 0.004 -20"><span class='ocrx_word' id='word_1_149' title='bbox 140 2894 296 2979; x_wconf 86' lang='lat' dir='ltr'>Namque</span> <span class='ocrx_word' id='word_1_150' title='bbox 311 2893 376 2959; x_wconf 86' lang='lat' dir='ltr'>fore</span> <span class='ocrx_word' id='word_1_151' title='bbox 392 2892 553 2958; x_wconf 91' lang='lat' dir='ltr'>illustrem</span> <span class='ocrx_word' id='word_1_152' title='bbox 567 2892 656 2956; x_wconf 88' lang='lat' dir='ltr'>fama</span> <span class='ocrx_word' id='word_1_153' title='bbox 670 2892 813 2978; x_wconf 83' lang='lat' dir='ltr'>fatisque</span> <span class='ocrx_word' id='word_1_154' title='bbox 828 2896 991 2962; x_wconf 87' lang='lat' dir='ltr'>canebant</span> 
     </span>
     <span class='ocr_line' id='line_1_26' title="bbox 142 2998 1008 3088; baseline 0.002 -23"><span class='ocrx_word' id='word_1_155' title='bbox 142 3001 268 3088; x_wconf 86' lang='lat' dir='ltr'>Ipsam,</span> <span class='ocrx_word' id='word_1_156' title='bbox 286 3000 342 3064; x_wconf 91' lang='lat' dir='ltr'>sed</span> <span class='ocrx_word' id='word_1_157' title='bbox 357 2998 477 3084; x_wconf 92' lang='lat' dir='ltr'>populo</span> <span class='ocrx_word' id='word_1_158' title='bbox 493 3018 653 3081; x_wconf 88' lang='lat' dir='ltr'>magnum</span> <span class='ocrx_word' id='word_1_159' title='bbox 668 2999 857 3082; x_wconf 89' lang='lat' dir='ltr'>portendere</span> <span class='ocrx_word' id='word_1_160' title='bbox 873 3000 1008 3067; x_wconf 88' lang='lat' dir='ltr'>bellum.</span> 
     </span>
    </p>

    <p class='ocr_par' dir='ltr' id='par_1_8' title="bbox 141 3101 899 3188">
     <span class='ocr_line' id='line_1_27' title="bbox 141 3101 899 3188; baseline -0.001 -19"><span class='ocrx_word' id='word_1_161' title='bbox 141 3105 192 3170; x_wconf 92' lang='lat' dir='ltr'>At</span> <span class='ocrx_word' id='word_1_162' title='bbox 208 3126 266 3168; x_wconf 85' lang='lat' dir='ltr'>rex</span> <span class='ocrx_word' id='word_1_163' title='bbox 282 3102 439 3168; x_wconf 89' lang='lat' dir='ltr'>sollicitus</span> <span class='ocrx_word' id='word_1_164' title='bbox 454 3101 617 3184; x_wconf 87' lang='lat' dir='ltr'>monstris,</span> <span class='ocrx_word' id='word_1_165' title='bbox 634 3103 764 3168; x_wconf 89' lang='lat' dir='ltr'>oracula</span> <span class='ocrx_word' id='word_1_166' title='bbox 779 3102 899 3188; x_wconf 86' lang='lat' dir='ltr'>Fauni,</span> 
     </span>
    </p>

    <p class='ocr_par' dir='ltr' id='par_1_9' title="bbox 141 3205 900 3293">
     <span class='ocr_line' id='line_1_28' title="bbox 141 3205 900 3293; baseline -0.003 -19"><span class='ocrx_word' id='word_1_167' title='bbox 141 3208 288 3274; x_wconf 84' lang='lat' dir='ltr'>Fatidici</span> <span class='ocrx_word' id='word_1_168' title='bbox 303 3206 467 3293; x_wconf 84' lang='lat' dir='ltr'>genitoris,</span> <span class='ocrx_word' id='word_1_169' title='bbox 485 3207 566 3290; x_wconf 90' lang='lat' dir='ltr'>adit,</span> <span class='ocrx_word' id='word_1_170' title='bbox 584 3205 737 3292; x_wconf 90' lang='lat' dir='ltr'>lucosque</span> <span class='ocrx_word' id='word_1_171' title='bbox 754 3208 814 3274; x_wconf 89' lang='lat' dir='ltr'>sub</span> <span class='ocrx_word' id='word_1_172' title='bbox 831 3208 900 3273; x_wconf 85' lang='lat' dir='ltr'>alta</span> 
     </span>
    </p>

    <p class='ocr_par' dir='ltr' id='par_1_10' title="bbox 141 3311 1052 3607">
     <span class='ocr_line' id='line_1_29' title="bbox 143 3311 1025 3396; baseline -0.002 -16"><span class='ocrx_word' id='word_1_173' title='bbox 143 3313 295 3381; x_wconf 78' lang='lat' dir='ltr'>Consulit</span> <span class='ocrx_word' id='word_1_174' title='bbox 310 3312 472 3396; x_wconf 88' lang='lat' dir='ltr'>Albunea,</span> <span class='ocrx_word' id='word_1_175' title='bbox 489 3331 659 3376; x_wconf 90' lang='lat' dir='ltr'>nemorum</span> <span class='ocrx_word' id='word_1_176' title='bbox 674 3333 757 3396; x_wconf 87' lang='lat' dir='ltr'>quae</span> <span class='ocrx_word' id='word_1_177' title='bbox 773 3311 919 3376; x_wconf 87' lang='lat' dir='ltr'>maxima</span> <span class='ocrx_word' id='word_1_178' title='bbox 936 3333 1025 3378; x_wconf 89' lang='lat' dir='ltr'>sacro</span> 
     </span>
     <span class='ocr_line' id='line_1_30' title="bbox 141 3415 1052 3501; baseline -0.001 -18"><span class='ocrx_word' id='word_1_179' title='bbox 141 3420 250 3484; x_wconf 85' lang='lat' dir='ltr'>Fonte</span> <span class='ocrx_word' id='word_1_180' title='bbox 267 3424 371 3500; x_wconf 88' lang='lat' dir='ltr'>sonat,</span> <span class='ocrx_word' id='word_1_181' title='bbox 389 3436 583 3500; x_wconf 88' lang='lat' dir='ltr'>saevamque</span> <span class='ocrx_word' id='word_1_182' title='bbox 600 3415 733 3480; x_wconf 84' lang='lat' dir='ltr'>exhalat</span> <span class='ocrx_word' id='word_1_183' title='bbox 749 3436 852 3500; x_wconf 88' lang='lat' dir='ltr'>opaea</span> <span class='ocrx_word' id='word_1_184' title='bbox 867 3416 1052 3501; x_wconf 88' lang='lat' dir='ltr'>mephitim.</span> 
     </span>
     <span class='ocr_line' id='line_1_31' title="bbox 143 3518 959 3607; baseline -0.002 -19"><span class='ocrx_word' id='word_1_185' title='bbox 143 3524 232 3588; x_wconf 90' lang='lat' dir='ltr'>Hinc</span> <span class='ocrx_word' id='word_1_186' title='bbox 248 3521 356 3587; x_wconf 86' lang='lat' dir='ltr'>Italae</span> <span class='ocrx_word' id='word_1_187' title='bbox 373 3529 486 3607; x_wconf 90' lang='lat' dir='ltr'>gentes</span> <span class='ocrx_word' id='word_1_188' title='bbox 502 3519 670 3604; x_wconf 88' lang='lat' dir='ltr'>omnisque</span> <span class='ocrx_word' id='word_1_189' title='bbox 687 3518 844 3586; x_wconf 88' lang='lat' dir='ltr'>Oenotria</span> <span class='ocrx_word' id='word_1_190' title='bbox 860 3521 959 3586; x_wconf 90' lang='lat' dir='ltr'>tellus</span> 
     </span>
    </p>

    <p class='ocr_par' dir='ltr' id='par_1_11' title="bbox 142 3625 1036 4028">
     <span class='ocr_line' id='line_1_32' title="bbox 142 3625 1005 3711; baseline -0.003 -16"><span class='ocrx_word' id='word_1_191' title='bbox 142 3631 185 3696; x_wconf 93' lang='lat' dir='ltr'>In</span> <span class='ocrx_word' id='word_1_192' title='bbox 201 3627 309 3693; x_wconf 88' lang='lat' dir='ltr'>dubiis</span> <span class='ocrx_word' id='word_1_193' title='bbox 325 3647 475 3711; x_wconf 90' lang='lat' dir='ltr'>responsa</span> <span class='ocrx_word' id='word_1_194' title='bbox 491 3633 618 3711; x_wconf 90' lang='lat' dir='ltr'>petunt.</span> <span class='ocrx_word' id='word_1_195' title='bbox 666 3625 742 3689; x_wconf 90' lang='lat' dir='ltr'>Huc</span> <span class='ocrx_word' id='word_1_196' title='bbox 759 3625 844 3690; x_wconf 91' lang='lat' dir='ltr'>dona</span> <span class='ocrx_word' id='word_1_197' title='bbox 860 3627 1005 3692; x_wconf 88' lang='lat' dir='ltr'>sacerdos</span> 
     </span>
     <span class='ocr_line' id='line_1_33' title="bbox 144 3731 1036 3817; baseline 0.001 -18"><span class='ocrx_word' id='word_1_198' title='bbox 144 3736 255 3817; x_wconf 82' lang='lat' dir='ltr'>Quum</span> <span class='ocrx_word' id='word_1_199' title='bbox 270 3731 363 3815; x_wconf 83' lang='lat' dir='ltr'>tulit,</span> <span class='ocrx_word' id='word_1_200' title='bbox 381 3739 414 3796; x_wconf 93' lang='lat' dir='ltr'>et</span> <span class='ocrx_word' id='word_1_201' title='bbox 430 3753 597 3798; x_wconf 88' lang='lat' dir='ltr'>caesarum</span> <span class='ocrx_word' id='word_1_202' title='bbox 612 3731 723 3796; x_wconf 90' lang='lat' dir='ltr'>ovium</span> <span class='ocrx_word' id='word_1_203' title='bbox 740 3731 910 3799; x_wconf 87' lang='lat' dir='ltr'>subnecte</span> <span class='ocrx_word' id='word_1_204' title='bbox 927 3733 1036 3800; x_wconf 89' lang='lat' dir='ltr'>silenti</span> 
     </span>
     <span class='ocr_line' id='line_1_34' title="bbox 143 3836 966 3922; baseline -0.005 -15"><span class='ocrx_word' id='word_1_205' title='bbox 143 3839 293 3907; x_wconf 91' lang='lat' dir='ltr'>Pellibus</span> <span class='ocrx_word' id='word_1_206' title='bbox 307 3837 459 3903; x_wconf 89' lang='lat' dir='ltr'>incubuit</span> <span class='ocrx_word' id='word_1_207' title='bbox 476 3836 597 3919; x_wconf 87' lang='lat' dir='ltr'>stratis,</span> <span class='ocrx_word' id='word_1_208' title='bbox 615 3856 807 3920; x_wconf 87' lang='lat' dir='ltr'>somnosque</span> <span class='ocrx_word' id='word_1_209' title='bbox 823 3837 942 3922; x_wconf 91' lang='lat' dir='ltr'>petivit</span> <span class='ocrx_word' id='word_1_210' title='bbox 956 3859 966 3921; x_wconf 80' lang='lat'><em>3</em></span> 
     </span>
     <span class='ocr_line' id='line_1_35' title="bbox 144 3941 979 4028; baseline -0.005 -15"><span class='ocrx_word' id='word_1_211' title='bbox 144 3947 256 4012; x_wconf 88' lang='lat' dir='ltr'>Multa</span> <span class='ocrx_word' id='word_1_212' title='bbox 273 3941 381 4009; x_wconf 90' lang='lat' dir='ltr'>modis</span> <span class='ocrx_word' id='word_1_213' title='bbox 396 3941 570 4008; x_wconf 88' lang='lat' dir='ltr'>simulacra</span> <span class='ocrx_word' id='word_1_214' title='bbox 584 3941 674 4008; x_wconf 90' lang='lat' dir='ltr'>videt</span> <span class='ocrx_word' id='word_1_215' title='bbox 689 3941 863 4008; x_wconf 85' lang='lat' dir='ltr'>volitantia</span> <span class='ocrx_word' id='word_1_216' title='bbox 879 3943 979 4028; x_wconf 89' lang='lat' dir='ltr'>miris,</span> 
     </span>
    </p>
   </div>
   <div class='ocr_carea' id='block_1_3' title="bbox 0 0 1468 4518">
    <p class='ocr_par' dir='ltr' id='par_1_12' title="bbox 0 0 1468 4518">
     <span class='ocr_line' id='line_1_36' title="bbox 0 0 1468 4518; baseline 0 0"><span class='ocrx_word' id='word_1_217' title='bbox 0 0 1468 4518; x_wconf 95' lang='lat' dir='ltr'> </span> 
     </span>
    </p>
   </div>
  </div>
 </body>
</html>
