2944 4522
531 327 701 376 Ausulnos
723 325 789 376 LIB.
816 327 849 374 X.

156 488 315 557 “Gnatis
330 487 529 575 parcetuis:
554 487 632 554 belli
648 487 840 554 commercia
858 486 990 552 Turnus

157 595 179 628 “
194 594 338 662 Sustulit
352 593 419 660 ista
434 593 521 680 prior
530 591 603 678 jam
618 599 693 658 tum
709 593 862 659 Pallante
877 597 1032 679 peremto

158 701 182 734 ‘⁴
195 699 268 766 Hoc
283 700 389 787 patris
405 699 569 766 Anchisae
585 699 710 784 Manes,
726 699 787 765 hoc
804 699 905 765 sentit
920 699 1045 764 Iulus.''

159 806 213 873 Sic
229 807 322 871 fatus
337 806 467 892 galeam
482 805 574 870 laeva
589 812 691 888 tenet,
709 813 809 891 atque
825 805 946 870 reflexa
1157 803 1223 869 535

159 911 293 978 Cervice
309 910 432 976 orantis
448 910 565 996 capulo
581 917 679 975 tenus
695 910 841 996 applicet
858 931 976 976 ensem.

159 1016 229 1082 Nec
246 1016 360 1102 piocul
375 1015 605 1100 Haemonides,
624 1015 748 1081 Phoebi
761 1015 959 1101 'Triviaeque
975 1016 1133 1100 sacerdos,

159 1121 271 1187 Insula
286 1121 339 1187 cui
355 1143 445 1188 sacra
460 1121 634 1188 redimibat
651 1129 800 1207 tempora
815 1121 911 1206 vitta,

160 1229 264 1294 Totus
280 1228 445 1294 collucens
461 1235 552 1293 reste
569 1235 668 1314 atque
684 1227 866 1314 insignibus
882 1226 999 1292 armis:

160 1335 268 1416 Quem
283 1355 471 1420 congressus
486 1333 558 1420 agit
573 1355 701 1420 campo,
717 1335 912 1420 lapsumque
930 1339 1118 1419 superstans
1156 1331 1223 1398 540

160 1439 326 1524 Immolet,
342 1438 537 1525 ingentique
553 1439 669 1504 umbra
685 1438 792 1524 tegit3
817 1460 910 1504 arma
927 1437 1075 1506 Serestus

159 1546 264 1610 Lecta
279 1545 375 1610 refert
389 1544 544 1628 humeris,
562 1543 635 1628 tibi,
653 1565 709 1609 rex
725 1543 877 1628 Gradive,
895 1553 1074 1630 tropaeum.

21 1653 30 1674 ⁶
160 1651 353 1716 Instaurant
369 1649 455 1715 acies
471 1648 614 1714 Vulcani
631 1648 732 1734 stirpe
749 1657 877 1714 creatus

161 1754 322 1820 Caeculus
338 1761 372 1820 et
387 1754 519 1819 veniens
534 1753 718 1819 Marsorum
732 1754 899 1819 montibus
916 1753 1052 1821 Umbro,

162 1857 366 1924 Dardanides
381 1865 494 1923 contra
507 1857 597 1924 furit.
644 1856 792 1923 Anxuris
808 1879 881 1923 ense
898 1858 1066 1924 sinistram
1157 1858 1224 1927 545

161 1963 209 2028 Et
225 1970 333 2028 totum
349 1962 446 2048 clipei
460 1962 546 2028 ferro
561 1962 721 2048 dejecerat
737 1962 847 2028 orbem
857 1984 865 2045 ;
875 2001 890 2012 -

162 2068 301 2133 Dixerat
316 2067 370 2132 ille
387 2066 513 2152 aliquid
528 2089 695 2154 magnum,
711 2067 844 2152 vimque
859 2066 957 2132 affore
972 2069 1069 2134 verbo

163 2172 360 2257 Crediderat,
378 2173 530 2257 coeloque
545 2171 696 2236 animum
709 2171 845 2237 fortasse
860 2170 995 2256 ferebat,

163 2276 393 2361 Canitiemque
409 2276 471 2342 sibi
486 2284 520 2342 et
535 2277 647 2363 longos
662 2275 853 2362 promiserat
869 2298 971 2342 annos
982 2297 1015 2358 ;-

163 2381 344 2467 Tarquitus
356 2383 526 2448 exsultans
541 2389 655 2448 contra
669 2381 875 2468 fulgentibus
890 2381 999 2466 armis,
1158 2383 1227 2450 550

164 2488 332 2555 Silvicolae
347 2487 464 2553 Fauno
481 2488 611 2574 Dryope
627 2509 725 2574 quem
740 2488 887 2574 nympha
902 2495 1037 2574 crearat,

165 2593 291 2660 Obvius
306 2593 435 2659 ardenti
450 2615 517 2659 sese
533 2593 663 2660 obtulit.
710 2593 771 2658 Ille
787 2595 922 2659 reducta

164 2698 317 2764 Loricam
333 2698 495 2785 clipeique
510 2697 625 2784 ingens
640 2720 722 2765 onus
739 2699 878 2784 impedit
893 2699 1000 2768 hasta.

165 2802 252 2867 Tum
269 2810 371 2888 caput
386 2803 509 2869 orantis
523 2803 748 2888 nequidquam
763 2811 797 2869 et
812 2803 920 2870 multa
935 2807 1083 2891 parantis

165 2908 279 2974 Dicere
294 2909 449 2974 deturbat
464 2915 579 2991 terrae,
596 2914 817 2994 truncumque
833 2916 1003 2995 tepentem
1158 2913 1227 2979 555

165 3013 368 3100 Provolvens,
386 3014 579 3100 superhaec
595 3014 728 3080 inimico
743 3008 873 3101 pectore
888 3015 1001 3083 fatur:

165 3119 281 3186 “Istic
298 3141 395 3204 nunc,
412 3120 597 3203 metuende,
610 3118 684 3206 jace
701 3125 708 3188 t
757 3119 833 3186 Non
848 3129 882 3186 te
898 3121 1025 3208 optima
1040 3130 1145 3186 mater

166 3226 186 3259 “
201 3225 329 3292 Oondet
344 3224 455 3309 humo,
472 3225 643 3312 patrioque
659 3226 807 3292 onerabit
822 3227 969 3292 membra
985 3226 1142 3312 sepulcro,

165 3329 186 3364 “
198 3330 348 3396 Alitibus
362 3329 509 3415 linquere
524 3329 608 3415 feris,
625 3337 685 3395 aut
700 3330 829 3416 gurgite
845 3351 990 3395 mersum

165 3435 186 3468 “
197 3435 299 3501 Unda
314 3434 407 3519 feret,
424 3434 591 3520 piscesque
606 3434 742 3520 impasti
756 3434 892 3500 vulnera
906 3434 1085 3501 l'ambent.”
1160 3437 1227 3503 560

165 3541 325 3609 Protenus
340 3540 510 3606 Antaeum
525 3548 560 3606 et
576 3540 713 3625 Lucam,
730 3539 837 3626 prima
852 3539 985 3626 agmine
1002 3539 1116 3626 Turni,

165 3647 377 3732 Persequitur
390 3646 572 3731 fortemque
587 3643 736 3710 Numam
750 3643 945 3729 fulvumque
962 3644 1159 3732 Camertem,

165 3752 378 3841 Magnanimo
392 3751 570 3818 Volscente
586 3737 715 3834 satum,¹
725 3749 906 3816 ditissimus
921 3750 992 3838 agri

164 3861 228 3943 Qui
242 3858 311 3925 fuit
328 3857 536 3922 Ausonidum
552 3863 586 3920 et
602 3854 715 3920 tacitis
730 3853 878 3941 regnavit
893 3854 1049 3942 Amyclis.

163 3965 323 4054 Aegaeon
339 3943 456 4047 qualis,
473 3967 608 4027 centum
625 3960 678 4026 cui
694 3958 828 4026 brachia
842 3960 958 4027 dicunt
1163 3963 1229 4028 565
