<?xml version="1.0" encoding="UTF-8"?>
<!DOCTYPE html PUBLIC "-//W3C//DTD XHTML 1.0 Transitional//EN"
    "http://www.w3.org/TR/xhtml1/DTD/xhtml1-transitional.dtd">
<html xmlns="http://www.w3.org/1999/xhtml" xml:lang="en" lang="en">
 <head>
  <title>
</title>
<meta http-equiv="Content-Type" content="text/html;charset=utf-8" />
  <meta name='ocr-system' content='tesseract 3.04.00' />
  <meta name='ocr-capabilities' content='ocr_page ocr_carea ocr_par ocr_line ocrx_word'/>
</head>
<body>
  <div class='ocr_page' id='page_1' title='image "./virgilsaeneidwi00virggoog_0296.png"; bbox 0 0 2944 4522; ppageno 0'>
   <div class='ocr_carea' id='block_1_1' title="bbox 225 298 915 365">
    <p class='ocr_par' dir='ltr' id='par_1_1' title="bbox 225 298 915 365">
     <span class='ocr_line' id='line_1_1' title="bbox 225 298 915 365; baseline 0.004 -3"><span class='ocrx_word' id='word_1_1' title='bbox 225 298 292 364; x_wconf 75' lang='lat'><strong>272</strong></span> <span class='ocrx_word' id='word_1_2' title='bbox 587 315 757 362; x_wconf 77' lang='lat' dir='ltr'><strong>snsnrnos</strong></span> <span class='ocrx_word' id='word_1_3' title='bbox 780 317 845 365; x_wconf 80' lang='lat' dir='ltr'><strong>nra.</strong></span> <span class='ocrx_word' id='word_1_4' title='bbox 870 317 915 365; x_wconf 88' lang='lat' dir='ltr'><strong>xr.</strong></span> 
     </span>
    </p>
   </div>
   <div class='ocr_carea' id='block_1_2' title="bbox 209 473 1295 4020">
    <p class='ocr_par' dir='ltr' id='par_1_2' title="bbox 227 473 1155 665">
     <span class='ocr_line' id='line_1_2' title="bbox 228 473 1155 561; baseline 0.002 -21"><span class='ocrx_word' id='word_1_5' title='bbox 228 473 343 559; x_wconf 89' lang='lat' dir='ltr'><strong>thue</strong></span> <span class='ocrx_word' id='word_1_6' title='bbox 359 475 472 560; x_wconf 90' lang='lat' dir='ltr'><strong>procul</strong></span> <span class='ocrx_word' id='word_1_7' title='bbox 487 474 593 541; x_wconf 90' lang='lat' dir='ltr'><strong>medio</strong></span> <span class='ocrx_word' id='word_1_8' title='bbox 605 474 765 561; x_wconf 88' lang='lat' dir='ltr'><strong>juvenum</strong></span> <span class='ocrx_word' id='word_1_9' title='bbox 780 476 816 540; x_wconf 90' lang='lat' dir='ltr'><strong>iu</strong></span> <span class='ocrx_word' id='word_1_10' title='bbox 832 477 972 542; x_wconf 88' lang='lat' dir='ltr'><strong>clamore</strong></span> <span class='ocrx_word' id='word_1_11' title='bbox 987 477 1155 542; x_wconf 86' lang='lat' dir='ltr'><strong>furentum</strong></span> 
     </span>
     <span class='ocr_line' id='line_1_3' title="bbox 227 578 1020 665; baseline 0.003 -23"><span class='ocrx_word' id='word_1_12' title='bbox 227 578 400 665; x_wconf 85' lang='lat' dir='ltr'><strong>Prospexit</strong></span> <span class='ocrx_word' id='word_1_13' title='bbox 419 579 506 644; x_wconf 91' lang='lat' dir='ltr'><strong>tristi</strong></span> <span class='ocrx_word' id='word_1_14' title='bbox 521 581 700 644; x_wconf 88' lang='lat' dir='ltr'><strong>multatam</strong></span> <span class='ocrx_word' id='word_1_15' title='bbox 716 588 819 645; x_wconf 90' lang='lat' dir='ltr'><strong>morte</strong></span> <span class='ocrx_word' id='word_1_16' title='bbox 837 581 1020 664; x_wconf 81' lang='lat' dir='ltr'><strong>Camillam,</strong></span> 
     </span>
    </p>

    <p class='ocr_par' dir='ltr' id='par_1_3' title="bbox 228 683 1291 875">
     <span class='ocr_line' id='line_1_4' title="bbox 228 683 1291 770; baseline 0.001 -22"><span class='ocrx_word' id='word_1_17' title='bbox 228 683 462 769; x_wconf 86' lang='lat' dir='ltr'><strong>Ingemuitque</strong></span> <span class='ocrx_word' id='word_1_18' title='bbox 479 685 632 768; x_wconf 77' lang='lat' dir='ltr'><strong>deditque</strong></span> <span class='ocrx_word' id='word_1_19' title='bbox 648 685 707 750; x_wconf 88' lang='lat' dir='ltr'><strong>has</strong></span> <span class='ocrx_word' id='word_1_20' title='bbox 723 685 789 750; x_wconf 92' lang='lat' dir='ltr'><strong>imo</strong></span> <span class='ocrx_word' id='word_1_21' title='bbox 805 693 934 770; x_wconf 77' lang='lat' dir='ltr'>pectore</span> <span class='ocrx_word' id='word_1_22' title='bbox 950 706 1063 752; x_wconf 88' lang='lat' dir='ltr'><strong>voces:</strong></span> <span class='ocrx_word' id='word_1_23' title='bbox 1223 684 1291 750; x_wconf 89' lang='grc'><strong>840</strong></span> 
     </span>
     <span class='ocr_line' id='line_1_5' title="bbox 231 788 1031 875; baseline 0.003 -21"><span class='ocrx_word' id='word_1_24' title='bbox 231 788 340 854; x_wconf 87' lang='lat' dir='ltr'><strong>“Heu</strong></span> <span class='ocrx_word' id='word_1_25' title='bbox 356 790 505 874; x_wconf 89' lang='lat' dir='ltr'><strong>nimium,</strong></span> <span class='ocrx_word' id='word_1_26' title='bbox 522 791 621 875; x_wconf 88' lang='lat' dir='ltr'><strong>virgo,</strong></span> <span class='ocrx_word' id='word_1_27' title='bbox 639 791 778 856; x_wconf 90' lang='lat' dir='ltr'><strong>nimium</strong></span> <span class='ocrx_word' id='word_1_28' title='bbox 795 792 924 856; x_wconf 87' lang='lat' dir='ltr'><strong>crudele</strong></span> <span class='ocrx_word' id='word_1_29' title='bbox 939 791 1031 856; x_wconf 90' lang='lat' dir='ltr'><strong>luisti</strong></span> 
     </span>
    </p>

    <p class='ocr_par' dir='ltr' id='par_1_4' title="bbox 230 893 1061 980">
     <span class='ocr_line' id='line_1_6' title="bbox 230 893 1061 980; baseline 0 -19"><span class='ocrx_word' id='word_1_30' title='bbox 230 893 251 928; x_wconf 87' lang='lat'><strong>“</strong></span> <span class='ocrx_word' id='word_1_31' title='bbox 265 895 481 980; x_wconf 80' lang='lat' dir='ltr'>Supplicium,</span> <span class='ocrx_word' id='word_1_32' title='bbox 496 897 637 961; x_wconf 80' lang='lat' dir='ltr'><strong>Teucros</strong></span> <span class='ocrx_word' id='word_1_33' title='bbox 654 903 772 962; x_wconf 90' lang='lat' dir='ltr'><strong>conata</strong></span> <span class='ocrx_word' id='word_1_34' title='bbox 787 897 941 961; x_wconf 82' lang='lat' dir='ltr'><strong>lacessere</strong></span> <span class='ocrx_word' id='word_1_35' title='bbox 956 897 1061 980; x_wconf 86' lang='lat' dir='ltr'><strong>bello;</strong></span> 
     </span>
    </p>

    <p class='ocr_par' dir='ltr' id='par_1_5' title="bbox 230 999 1058 1066">
     <span class='ocr_line' id='line_1_7' title="bbox 230 999 1058 1066; baseline 0 0"><span class='ocrx_word' id='word_1_36' title='bbox 230 999 252 1033; x_wconf 89' lang='lat'><strong>“</strong></span> <span class='ocrx_word' id='word_1_37' title='bbox 265 999 334 1066; x_wconf 85' lang='lat' dir='ltr'><strong>Nec</strong></span> <span class='ocrx_word' id='word_1_38' title='bbox 351 1000 415 1065; x_wconf 88' lang='lat' dir='ltr'><strong>tibi</strong></span> <span class='ocrx_word' id='word_1_39' title='bbox 430 1003 575 1066; x_wconf 83' lang='lat' dir='ltr'><strong>desertae</strong></span> <span class='ocrx_word' id='word_1_40' title='bbox 591 1001 625 1064; x_wconf 94' lang='lat' dir='ltr'><strong>in</strong></span> <span class='ocrx_word' id='word_1_41' title='bbox 641 1001 749 1066; x_wconf 89' lang='lat' dir='ltr'><strong>dumis</strong></span> <span class='ocrx_word' id='word_1_42' title='bbox 765 1001 900 1066; x_wconf 89' lang='lat' dir='ltr'><strong>coluisse</strong></span> <span class='ocrx_word' id='word_1_43' title='bbox 916 1002 1058 1066; x_wconf 87' lang='lat' dir='ltr'><strong>Dianam</strong></span> 
     </span>
    </p>

    <p class='ocr_par' dir='ltr' id='par_1_6' title="bbox 231 1103 1088 1191">
     <span class='ocr_line' id='line_1_8' title="bbox 231 1103 1088 1191; baseline 0.004 -23"><span class='ocrx_word' id='word_1_44' title='bbox 231 1103 252 1135; x_wconf 90' lang='lat'><strong>“</strong></span> <span class='ocrx_word' id='word_1_45' title='bbox 266 1103 406 1188; x_wconf 76' lang='lat' dir='ltr'><strong>Profuit,</strong></span> <span class='ocrx_word' id='word_1_46' title='bbox 424 1112 483 1169; x_wconf 89' lang='lat' dir='ltr'><strong>aut</strong></span> <span class='ocrx_word' id='word_1_47' title='bbox 499 1113 624 1170; x_wconf 89' lang='lat' dir='ltr'><strong>nostras</strong></span> <span class='ocrx_word' id='word_1_48' title='bbox 640 1105 774 1170; x_wconf 90' lang='lat' dir='ltr'><strong>humero</strong></span> <span class='ocrx_word' id='word_1_49' title='bbox 791 1106 925 1191; x_wconf 78' lang='lat' dir='ltr'><strong>gessisse</strong></span> <span class='ocrx_word' id='word_1_50' title='bbox 942 1107 1088 1191; x_wconf 73' lang='lat' dir='ltr'><strong>sagittae.</strong></span> 
     </span>
    </p>

    <p class='ocr_par' dir='ltr' id='par_1_7' title="bbox 230 1205 1290 1504">
     <span class='ocr_line' id='line_1_9' title="bbox 230 1205 1290 1294; baseline 0.002 -22"><span class='ocrx_word' id='word_1_51' title='bbox 230 1205 251 1239; x_wconf 90' lang='lat'><strong>“</strong></span> <span class='ocrx_word' id='word_1_52' title='bbox 264 1207 340 1272; x_wconf 88' lang='lat' dir='ltr'><strong>Non</strong></span> <span class='ocrx_word' id='word_1_53' title='bbox 356 1215 469 1273; x_wconf 89' lang='lat' dir='ltr'><strong>tamen</strong></span> <span class='ocrx_word' id='word_1_54' title='bbox 484 1209 666 1273; x_wconf 83' lang='lat' dir='ltr'><strong>indecorem</strong></span> <span class='ocrx_word' id='word_1_55' title='bbox 683 1217 742 1273; x_wconf 91' lang='lat' dir='ltr'><strong>tua</strong></span> <span class='ocrx_word' id='word_1_56' title='bbox 758 1219 791 1274; x_wconf 89' lang='lat' dir='ltr'><strong>te</strong></span> <span class='ocrx_word' id='word_1_57' title='bbox 809 1210 918 1294; x_wconf 88' lang='lat' dir='ltr'><strong>regina</strong></span> <span class='ocrx_word' id='word_1_58' title='bbox 934 1209 1066 1294; x_wconf 89' lang='lat' dir='ltr'><strong>reliquit</strong></span> <span class='ocrx_word' id='word_1_59' title='bbox 1224 1207 1290 1274; x_wconf 89' lang='grc'><strong>845</strong></span> 
     </span>
     <span class='ocr_line' id='line_1_10' title="bbox 231 1312 1233 1399; baseline 0 -23"><span class='ocrx_word' id='word_1_60' title='bbox 231 1312 251 1345; x_wconf 91' lang='lat'><strong>“</strong></span> <span class='ocrx_word' id='word_1_61' title='bbox 264 1312 423 1378; x_wconf 84' lang='lat' dir='ltr'><strong>Extrema</strong></span> <span class='ocrx_word' id='word_1_62' title='bbox 434 1313 506 1399; x_wconf 88' lang='lat' dir='ltr'><strong>jam</strong></span> <span class='ocrx_word' id='word_1_63' title='bbox 520 1313 555 1377; x_wconf 93' lang='lat' dir='ltr'><strong>in</strong></span> <span class='ocrx_word' id='word_1_64' title='bbox 572 1320 685 1397; x_wconf 89' lang='lat' dir='ltr'><strong>morte,</strong></span> <span class='ocrx_word' id='word_1_65' title='bbox 701 1334 805 1398; x_wconf 91' lang='lat' dir='ltr'><strong>neque</strong></span> <span class='ocrx_word' id='word_1_66' title='bbox 820 1313 881 1378; x_wconf 91' lang='lat' dir='ltr'><strong>hoc</strong></span> <span class='ocrx_word' id='word_1_67' title='bbox 897 1313 965 1378; x_wconf 89' lang='lat' dir='ltr'><strong>sine</strong></span> <span class='ocrx_word' id='word_1_68' title='bbox 982 1313 1111 1378; x_wconf 90' lang='lat' dir='ltr'><strong>nomine</strong></span> <span class='ocrx_word' id='word_1_69' title='bbox 1126 1313 1233 1378; x_wconf 90' lang='lat' dir='ltr'><strong>letum</strong></span> 
     </span>
     <span class='ocr_line' id='line_1_11' title="bbox 231 1416 1070 1504; baseline 0.002 -23"><span class='ocrx_word' id='word_1_70' title='bbox 231 1416 330 1482; x_wconf 89' lang='lat' dir='ltr'><strong>“Per</strong></span> <span class='ocrx_word' id='word_1_71' title='bbox 345 1425 458 1504; x_wconf 88' lang='lat' dir='ltr'><strong>gentes</strong></span> <span class='ocrx_word' id='word_1_72' title='bbox 475 1417 545 1500; x_wconf 90' lang='lat' dir='ltr'><strong>erit,</strong></span> <span class='ocrx_word' id='word_1_73' title='bbox 563 1425 623 1482; x_wconf 89' lang='lat' dir='ltr'><strong>aut</strong></span> <span class='ocrx_word' id='word_1_74' title='bbox 638 1417 761 1482; x_wconf 80' lang='lat' dir='ltr'><strong>sarnam</strong></span> <span class='ocrx_word' id='word_1_75' title='bbox 777 1417 911 1502; x_wconf 87' lang='lat' dir='ltr'><strong>patieris</strong></span> <span class='ocrx_word' id='word_1_76' title='bbox 925 1418 1070 1484; x_wconf 87' lang='lat' dir='ltr'><strong>inultae:</strong></span> 
     </span>
    </p>

    <p class='ocr_par' dir='ltr' id='par_1_8' title="bbox 230 1521 1118 1608">
     <span class='ocr_line' id='line_1_12' title="bbox 230 1521 1118 1608; baseline 0.002 -23"><span class='ocrx_word' id='word_1_77' title='bbox 230 1521 251 1554; x_wconf 86' lang='lat'><strong>“</strong></span> <span class='ocrx_word' id='word_1_78' title='bbox 264 1521 352 1586; x_wconf 89' lang='lat' dir='ltr'><strong>Nam</strong></span> <span class='ocrx_word' id='word_1_79' title='bbox 368 1521 566 1607; x_wconf 80' lang='lat' dir='ltr'><strong>quicumque</strong></span> <span class='ocrx_word' id='word_1_80' title='bbox 582 1529 680 1587; x_wconf 90' lang='lat' dir='ltr'><strong>tuum</strong></span> <span class='ocrx_word' id='word_1_81' title='bbox 695 1521 829 1587; x_wconf 87' lang='lat' dir='ltr'><strong>violavit</strong></span> <span class='ocrx_word' id='word_1_82' title='bbox 847 1522 977 1587; x_wconf 89' lang='lat' dir='ltr'><strong>vulnere</strong></span> <span class='ocrx_word' id='word_1_83' title='bbox 993 1545 1118 1608; x_wconf 82' lang='lat' dir='ltr'><strong>corpus,</strong></span> 
     </span>
    </p>

    <p class='ocr_par' dir='ltr' id='par_1_9' title="bbox 230 1627 1167 1713">
     <span class='ocr_line' id='line_1_13' title="bbox 230 1627 1167 1713; baseline -0.001 -20"><span class='ocrx_word' id='word_1_84' title='bbox 230 1627 252 1661; x_wconf 91' lang='lat'><strong>“</strong></span> <span class='ocrx_word' id='word_1_85' title='bbox 266 1627 371 1693; x_wconf 88' lang='lat' dir='ltr'><strong>Morte</strong></span> <span class='ocrx_word' id='word_1_86' title='bbox 387 1628 458 1692; x_wconf 88' lang='lat' dir='ltr'><strong>luet</strong></span> <span class='ocrx_word' id='word_1_87' title='bbox 474 1628 622 1693; x_wconf 89' lang='lat' dir='ltr'><strong>merita.&#39;’</strong></span> <span class='ocrx_word' id='word_1_88' title='bbox 668 1627 750 1692; x_wconf 85' lang='lat' dir='ltr'><strong>Fuit</strong></span> <span class='ocrx_word' id='word_1_89' title='bbox 766 1628 881 1713; x_wconf 89' lang='lat' dir='ltr'><strong>ingens</strong></span> <span class='ocrx_word' id='word_1_90' title='bbox 896 1637 1008 1693; x_wconf 87' lang='lat' dir='ltr'><strong>monta</strong></span> <span class='ocrx_word' id='word_1_91' title='bbox 1024 1628 1084 1694; x_wconf 91' lang='lat' dir='ltr'><strong>sub</strong></span> <span class='ocrx_word' id='word_1_92' title='bbox 1100 1629 1167 1692; x_wconf 91' lang='lat' dir='ltr'><strong>alto</strong></span> 
     </span>
    </p>

    <p class='ocr_par' dir='ltr' id='par_1_10' title="bbox 230 1733 1291 1922">
     <span class='ocr_line' id='line_1_14' title="bbox 230 1733 1291 1818; baseline -0.003 -20"><span class='ocrx_word' id='word_1_93' title='bbox 230 1733 330 1818; x_wconf 88' lang='lat' dir='ltr'><strong>Regis</strong></span> <span class='ocrx_word' id='word_1_94' title='bbox 346 1733 509 1798; x_wconf 88' lang='lat' dir='ltr'><strong>Dercenni</strong></span> <span class='ocrx_word' id='word_1_95' title='bbox 525 1741 651 1798; x_wconf 88' lang='lat' dir='ltr'><strong>terreno</strong></span> <span class='ocrx_word' id='word_1_96' title='bbox 666 1754 707 1797; x_wconf 84' lang='lat' dir='ltr'><strong>ex</strong></span> <span class='ocrx_word' id='word_1_97' title='bbox 723 1755 837 1818; x_wconf 85' lang='lat' dir='ltr'><strong>aggere</strong></span> <span class='ocrx_word' id='word_1_98' title='bbox 854 1734 989 1798; x_wconf 89' lang='lat' dir='ltr'><strong>bustum</strong></span> <span class='ocrx_word' id='word_1_99' title='bbox 1225 1733 1291 1798; x_wconf 88' lang='grc'><strong>850</strong></span> 
     </span>
     <span class='ocr_line' id='line_1_15' title="bbox 230 1836 1007 1922; baseline 0 -19"><span class='ocrx_word' id='word_1_100' title='bbox 230 1837 372 1922; x_wconf 90' lang='lat' dir='ltr'><strong>Antiqui</strong></span> <span class='ocrx_word' id='word_1_101' title='bbox 387 1836 572 1922; x_wconf 87' lang='lat' dir='ltr'><strong>Laurentis,</strong></span> <span class='ocrx_word' id='word_1_102' title='bbox 590 1858 756 1922; x_wconf 87' lang='lat' dir='ltr'><strong>opacaque</strong></span> <span class='ocrx_word' id='word_1_103' title='bbox 772 1837 844 1902; x_wconf 90' lang='lat' dir='ltr'><strong>ilice</strong></span> <span class='ocrx_word' id='word_1_104' title='bbox 860 1845 1007 1904; x_wconf 86' lang='lat' dir='ltr'><strong>tectum:</strong></span> 
     </span>
    </p>

    <p class='ocr_par' dir='ltr' id='par_1_11' title="bbox 230 1943 1031 2028">
     <span class='ocr_line' id='line_1_16' title="bbox 230 1943 1031 2028; baseline 0.002 -22"><span class='ocrx_word' id='word_1_105' title='bbox 230 1943 295 2008; x_wconf 92' lang='lat' dir='ltr'><strong>Hic</strong></span> <span class='ocrx_word' id='word_1_106' title='bbox 312 1944 374 2009; x_wconf 87' lang='lat' dir='ltr'><strong>dea</strong></span> <span class='ocrx_word' id='word_1_107' title='bbox 389 1965 422 2008; x_wconf 90' lang='lat' dir='ltr'><strong>se</strong></span> <span class='ocrx_word' id='word_1_108' title='bbox 438 1944 581 2028; x_wconf 91' lang='lat' dir='ltr'><strong>primum</strong></span> <span class='ocrx_word' id='word_1_109' title='bbox 600 1943 710 2028; x_wconf 90' lang='lat' dir='ltr'><strong>rapido</strong></span> <span class='ocrx_word' id='word_1_110' title='bbox 725 1944 941 2028; x_wconf 86' lang='lat' dir='ltr'><strong>pulcherrima</strong></span> <span class='ocrx_word' id='word_1_111' title='bbox 957 1944 1031 2008; x_wconf 89' lang='lat' dir='ltr'><strong>nisu</strong></span> 
     </span>
    </p>

    <p class='ocr_par' dir='ltr' id='par_1_12' title="bbox 233 2048 1087 2134">
     <span class='ocr_line' id='line_1_17' title="bbox 233 2048 1087 2134; baseline 0 -19"><span class='ocrx_word' id='word_1_112' title='bbox 233 2049 339 2133; x_wconf 80' lang='lat' dir='ltr'><strong>Sistit,</strong></span> <span class='ocrx_word' id='word_1_113' title='bbox 357 2056 392 2114; x_wconf 90' lang='lat' dir='ltr'><strong>et</strong></span> <span class='ocrx_word' id='word_1_114' title='bbox 407 2048 587 2114; x_wconf 88' lang='lat' dir='ltr'><strong>Arruntem</strong></span> <span class='ocrx_word' id='word_1_115' title='bbox 602 2048 732 2113; x_wconf 89' lang='lat' dir='ltr'><strong>tumulo</strong></span> <span class='ocrx_word' id='word_1_116' title='bbox 748 2049 937 2134; x_wconf 88' lang='lat' dir='ltr'><strong>speculatur</strong></span> <span class='ocrx_word' id='word_1_117' title='bbox 953 2050 995 2113; x_wconf 89' lang='lat' dir='ltr'><strong>ab</strong></span> <span class='ocrx_word' id='word_1_118' title='bbox 1011 2050 1087 2115; x_wconf 82' lang='lat' dir='ltr'><strong>alto</strong></span> 
     </span>
    </p>

    <p class='ocr_par' dir='ltr' id='par_1_13' title="bbox 231 2153 1080 2235">
     <span class='ocr_line' id='line_1_18' title="bbox 231 2153 1080 2235; baseline -0.005 -15"><span class='ocrx_word' id='word_1_119' title='bbox 231 2154 282 2220; x_wconf 89' lang='lat' dir='ltr'><strong>Ut</strong></span> <span class='ocrx_word' id='word_1_120' title='bbox 298 2154 381 2220; x_wconf 86' lang='lat' dir='ltr'><strong>vidit</strong></span> <span class='ocrx_word' id='word_1_121' title='bbox 397 2154 578 2220; x_wconf 86' lang='lat' dir='ltr'><strong>laetantem</strong></span> <span class='ocrx_word' id='word_1_122' title='bbox 593 2153 710 2218; x_wconf 90' lang='lat' dir='ltr'><strong>animis</strong></span> <span class='ocrx_word' id='word_1_123' title='bbox 726 2175 764 2217; x_wconf 89' lang='lat' dir='ltr'><strong>ac</strong></span> <span class='ocrx_word' id='word_1_124' title='bbox 780 2175 864 2218; x_wconf 89' lang='lat' dir='ltr'><strong>vana</strong></span> <span class='ocrx_word' id='word_1_125' title='bbox 881 2163 1080 2235; x_wconf 87' lang='lat' dir='ltr'><strong>tumentem;</strong></span> 
     </span>
    </p>

    <p class='ocr_par' dir='ltr' id='par_1_14' title="bbox 232 2256 1291 2449">
     <span class='ocr_line' id='line_1_19' title="bbox 232 2256 1291 2346; baseline -0.001 -23"><span class='ocrx_word' id='word_1_126' title='bbox 232 2257 253 2290; x_wconf 89' lang='lat'><strong>“</strong></span> <span class='ocrx_word' id='word_1_127' title='bbox 268 2257 336 2323; x_wconf 90' lang='lat' dir='ltr'><strong>Cur</strong></span> <span class='ocrx_word' id='word_1_128' title='bbox 345 2260 364 2288; x_wconf 88' lang='lat'><strong>&#39;&#39;</strong></span> <span class='ocrx_word' id='word_1_129' title='bbox 380 2258 489 2343; x_wconf 90' lang='lat' dir='ltr'><strong>inquit</strong></span> <span class='ocrx_word' id='word_1_130' title='bbox 506 2256 685 2323; x_wconf 86' lang='lat' dir='ltr'><strong>“diversus</strong></span> <span class='ocrx_word' id='word_1_131' title='bbox 702 2257 798 2322; x_wconf 81' lang='lat' dir='ltr'><strong>abis?</strong></span> <span class='ocrx_word' id='word_1_132' title='bbox 840 2257 916 2322; x_wconf 89' lang='lat' dir='ltr'><strong>Huc</strong></span> <span class='ocrx_word' id='word_1_133' title='bbox 932 2257 1033 2342; x_wconf 87' lang='lat' dir='ltr'><strong>dirige</strong></span> <span class='ocrx_word' id='word_1_134' title='bbox 1049 2278 1207 2342; x_wconf 87' lang='lat' dir='ltr'><strong>gressum,</strong></span> <span class='ocrx_word' id='word_1_135' title='bbox 1225 2257 1291 2346; x_wconf 24' lang='lat'>85¹5</span> 
     </span>
     <span class='ocr_line' id='line_1_20' title="bbox 233 2361 1075 2449; baseline -0.005 -21"><span class='ocrx_word' id='word_1_136' title='bbox 233 2362 253 2396; x_wconf 87' lang='lat'><strong>“</strong></span> <span class='ocrx_word' id='word_1_137' title='bbox 266 2363 343 2428; x_wconf 89' lang='lat' dir='ltr'><strong>Huc</strong></span> <span class='ocrx_word' id='word_1_138' title='bbox 359 2363 501 2449; x_wconf 88' lang='lat' dir='ltr'><strong>periture</strong></span> <span class='ocrx_word' id='word_1_139' title='bbox 517 2361 602 2444; x_wconf 89' lang='lat' dir='ltr'><strong>voni,</strong></span> <span class='ocrx_word' id='word_1_140' title='bbox 621 2361 731 2446; x_wconf 86' lang='lat' dir='ltr'><strong>capias</strong></span> <span class='ocrx_word' id='word_1_141' title='bbox 747 2367 786 2424; x_wconf 91' lang='lat' dir='ltr'><strong>ut</strong></span> <span class='ocrx_word' id='word_1_142' title='bbox 802 2361 901 2448; x_wconf 87' lang='lat' dir='ltr'><strong>digna</strong></span> <span class='ocrx_word' id='word_1_143' title='bbox 919 2361 1075 2427; x_wconf 81' lang='lat' dir='ltr'><strong>Camillae</strong></span> 
     </span>
    </p>

    <p class='ocr_par' dir='ltr' id='par_1_15' title="bbox 232 2465 1126 2534">
     <span class='ocr_line' id='line_1_21' title="bbox 232 2465 1126 2534; baseline -0.002 -2"><span class='ocrx_word' id='word_1_144' title='bbox 232 2466 424 2534; x_wconf 87' lang='lat' dir='ltr'><strong>“Praemia</strong></span> <span class='ocrx_word' id='word_1_145' title='bbox 472 2466 567 2530; x_wconf 80' lang='lat' dir='ltr'><strong>Tune</strong></span> <span class='ocrx_word' id='word_1_146' title='bbox 583 2465 682 2530; x_wconf 90' lang='lat' dir='ltr'><strong>etiarn</strong></span> <span class='ocrx_word' id='word_1_147' title='bbox 699 2466 773 2530; x_wconf 90' lang='lat' dir='ltr'><strong>telis</strong></span> <span class='ocrx_word' id='word_1_148' title='bbox 788 2467 921 2531; x_wconf 91' lang='lat' dir='ltr'><strong>moriere</strong></span> <span class='ocrx_word' id='word_1_149' title='bbox 938 2466 1064 2530; x_wconf 88' lang='lat' dir='ltr'><strong>Dianae</strong></span> <span class='ocrx_word' id='word_1_150' title='bbox 1078 2467 1094 2531; x_wconf 79' lang='lat' dir='ltr'>P</span> <span class='ocrx_word' id='word_1_151' title='bbox 1107 2468 1126 2494; x_wconf 87' lang='lat'><strong>&#39;&#39;</strong></span> 
     </span>
    </p>

    <p class='ocr_par' dir='ltr' id='par_1_16' title="bbox 233 2570 1046 2658">
     <span class='ocr_line' id='line_1_22' title="bbox 233 2570 1046 2658; baseline -0.005 -20"><span class='ocrx_word' id='word_1_152' title='bbox 233 2572 341 2656; x_wconf 85' lang='lat' dir='ltr'><strong>Dixit,</strong></span> <span class='ocrx_word' id='word_1_153' title='bbox 359 2579 392 2636; x_wconf 88' lang='lat' dir='ltr'><strong>et</strong></span> <span class='ocrx_word' id='word_1_154' title='bbox 408 2578 525 2635; x_wconf 89' lang='lat' dir='ltr'><strong>aurata</strong></span> <span class='ocrx_word' id='word_1_155' title='bbox 541 2570 706 2635; x_wconf 88' lang='lat' dir='ltr'><strong>volucrem</strong></span> <span class='ocrx_word' id='word_1_156' title='bbox 723 2570 875 2658; x_wconf 74' lang='lat' dir='ltr'><strong>Threissa</strong></span> <span class='ocrx_word' id='word_1_157' title='bbox 891 2571 1046 2656; x_wconf 85' lang='lat' dir='ltr'><strong>sagittam</strong></span> 
     </span>
    </p>

    <p class='ocr_par' dir='ltr' id='par_1_17' title="bbox 232 2674 1085 2762">
     <span class='ocr_line' id='line_1_23' title="bbox 232 2674 1085 2762; baseline -0.004 -21"><span class='ocrx_word' id='word_1_158' title='bbox 232 2675 422 2762; x_wconf 88' lang='lat' dir='ltr'><strong>Depromsit</strong></span> <span class='ocrx_word' id='word_1_159' title='bbox 439 2675 602 2761; x_wconf 87' lang='lat' dir='ltr'><strong>pharetra,</strong></span> <span class='ocrx_word' id='word_1_160' title='bbox 620 2697 784 2759; x_wconf 90' lang='lat' dir='ltr'><strong>cornuque</strong></span> <span class='ocrx_word' id='word_1_161' title='bbox 801 2674 928 2738; x_wconf 84' lang='lat' dir='ltr'><strong>infensa</strong></span> <span class='ocrx_word' id='word_1_162' title='bbox 944 2675 1085 2739; x_wconf 89' lang='lat' dir='ltr'><strong>tetendit</strong></span> 
     </span>
    </p>

    <p class='ocr_par' dir='ltr' id='par_1_18' title="bbox 231 2780 1293 2970">
     <span class='ocr_line' id='line_1_24' title="bbox 232 2780 1293 2864; baseline -0.002 -18"><span class='ocrx_word' id='word_1_163' title='bbox 232 2780 277 2846; x_wconf 83' lang='lat' dir='ltr'><strong>Et</strong></span> <span class='ocrx_word' id='word_1_164' title='bbox 293 2780 390 2846; x_wconf 86' lang='lat' dir='ltr'><strong>duxit</strong></span> <span class='ocrx_word' id='word_1_165' title='bbox 405 2781 513 2864; x_wconf 90' lang='lat' dir='ltr'><strong>longe,</strong></span> <span class='ocrx_word' id='word_1_166' title='bbox 531 2780 631 2844; x_wconf 89' lang='lat' dir='ltr'><strong>donec</strong></span> <span class='ocrx_word' id='word_1_167' title='bbox 647 2787 783 2844; x_wconf 88' lang='lat' dir='ltr'><strong>curvata</strong></span> <span class='ocrx_word' id='word_1_168' title='bbox 798 2780 921 2844; x_wconf 89' lang='lat' dir='ltr'><strong>coirent</strong></span> <span class='ocrx_word' id='word_1_169' title='bbox 1226 2781 1293 2845; x_wconf 79' lang='lat'><strong>860</strong></span> 
     </span>
     <span class='ocr_line' id='line_1_25' title="bbox 231 2884 1112 2970; baseline -0.001 -19"><span class='ocrx_word' id='word_1_170' title='bbox 231 2888 322 2952; x_wconf 87' lang='lat' dir='ltr'><strong>Inter</strong></span> <span class='ocrx_word' id='word_1_171' title='bbox 338 2907 370 2950; x_wconf 91' lang='lat' dir='ltr'><strong>se</strong></span> <span class='ocrx_word' id='word_1_172' title='bbox 386 2885 506 2970; x_wconf 87' lang='lat' dir='ltr'><strong>capita,</strong></span> <span class='ocrx_word' id='word_1_173' title='bbox 524 2892 558 2950; x_wconf 87' lang='lat' dir='ltr'><strong>et</strong></span> <span class='ocrx_word' id='word_1_174' title='bbox 573 2886 723 2949; x_wconf 89' lang='lat' dir='ltr'><strong>manibus</strong></span> <span class='ocrx_word' id='word_1_175' title='bbox 735 2884 807 2970; x_wconf 84' lang='lat' dir='ltr'><strong>jam</strong></span> <span class='ocrx_word' id='word_1_176' title='bbox 823 2892 972 2970; x_wconf 87' lang='lat' dir='ltr'><strong>tangeret</strong></span> <span class='ocrx_word' id='word_1_177' title='bbox 988 2885 1112 2970; x_wconf 89' lang='lat' dir='ltr'><strong>aequis,</strong></span> 
     </span>
    </p>

    <p class='ocr_par' dir='ltr' id='par_1_19' title="bbox 209 2989 1045 3181">
     <span class='ocr_line' id='line_1_26' title="bbox 231 2989 1045 3076; baseline 0 -20"><span class='ocrx_word' id='word_1_178' title='bbox 231 2991 340 3056; x_wconf 85' lang='lat' dir='ltr'><strong>Laeva</strong></span> <span class='ocrx_word' id='word_1_179' title='bbox 355 2990 458 3055; x_wconf 88' lang='lat' dir='ltr'><strong>aciem</strong></span> <span class='ocrx_word' id='word_1_180' title='bbox 470 2989 554 3075; x_wconf 88' lang='lat' dir='ltr'><strong>ferri,</strong></span> <span class='ocrx_word' id='word_1_181' title='bbox 572 2991 688 3055; x_wconf 86' lang='lat' dir='ltr'><strong>dextra</strong></span> <span class='ocrx_word' id='word_1_182' title='bbox 704 3012 864 3075; x_wconf 89' lang='lat' dir='ltr'><strong>nervoque</strong></span> <span class='ocrx_word' id='word_1_183' title='bbox 879 2991 1045 3076; x_wconf 87' lang='lat' dir='ltr'><strong>papillam.</strong></span> 
     </span>
     <span class='ocr_line' id='line_1_27' title="bbox 209 3095 1014 3181; baseline -0.001 -20"><span class='ocrx_word' id='word_1_184' title='bbox 209 3130 211 3141; x_wconf 92' lang='lat'>·</span> <span class='ocrx_word' id='word_1_185' title='bbox 231 3096 410 3181; x_wconf 84' lang='lat' dir='ltr'><strong>Extemplo</strong></span> <span class='ocrx_word' id='word_1_186' title='bbox 425 3095 484 3160; x_wconf 91' lang='lat' dir='ltr'><strong>teli</strong></span> <span class='ocrx_word' id='word_1_187' title='bbox 500 3095 669 3160; x_wconf 90' lang='lat' dir='ltr'><strong>stridorem</strong></span> <span class='ocrx_word' id='word_1_188' title='bbox 684 3116 845 3180; x_wconf 88' lang='lat' dir='ltr'><strong>aurasque</strong></span> <span class='ocrx_word' id='word_1_189' title='bbox 862 3103 1014 3160; x_wconf 88' lang='lat' dir='ltr'><strong>sonantes</strong></span> 
     </span>
    </p>

    <p class='ocr_par' dir='ltr' id='par_1_20' title="bbox 232 3200 1112 3286">
     <span class='ocr_line' id='line_1_28' title="bbox 232 3200 1112 3286; baseline 0.001 -20"><span class='ocrx_word' id='word_1_190' title='bbox 232 3201 350 3267; x_wconf 87' lang='lat' dir='ltr'><strong>Audiit</strong></span> <span class='ocrx_word' id='word_1_191' title='bbox 365 3223 432 3266; x_wconf 88' lang='lat' dir='ltr'><strong>una</strong></span> <span class='ocrx_word' id='word_1_192' title='bbox 448 3201 586 3286; x_wconf 89' lang='lat' dir='ltr'><strong>Arruns,</strong></span> <span class='ocrx_word' id='word_1_193' title='bbox 603 3200 773 3286; x_wconf 86' lang='lat' dir='ltr'><strong>haesitque</strong></span> <span class='ocrx_word' id='word_1_194' title='bbox 788 3200 824 3266; x_wconf 88' lang='lat' dir='ltr'><strong>in</strong></span> <span class='ocrx_word' id='word_1_195' title='bbox 840 3223 968 3286; x_wconf 91' lang='lat' dir='ltr'><strong>corpore</strong></span> <span class='ocrx_word' id='word_1_196' title='bbox 983 3200 1112 3268; x_wconf 81' lang='lat' dir='ltr'><strong>sermm.</strong></span> 
     </span>
    </p>

    <p class='ocr_par' dir='ltr' id='par_1_21' title="bbox 232 3305 1295 3496">
     <span class='ocr_line' id='line_1_29' title="bbox 232 3305 1295 3392; baseline 0.003 -22"><span class='ocrx_word' id='word_1_197' title='bbox 232 3307 333 3371; x_wconf 91' lang='lat' dir='ltr'><strong>Illum</strong></span> <span class='ocrx_word' id='word_1_198' title='bbox 349 3306 569 3391; x_wconf 84' lang='lat' dir='ltr'><strong>exspirantem</strong></span> <span class='ocrx_word' id='word_1_199' title='bbox 585 3305 663 3370; x_wconf 91' lang='lat' dir='ltr'><strong>socii</strong></span> <span class='ocrx_word' id='word_1_200' title='bbox 678 3313 778 3389; x_wconf 90' lang='lat' dir='ltr'><strong>atque</strong></span> <span class='ocrx_word' id='word_1_201' title='bbox 794 3314 941 3370; x_wconf 88' lang='lat' dir='ltr'><strong>extrema</strong></span> <span class='ocrx_word' id='word_1_202' title='bbox 957 3313 1143 3392; x_wconf 87' lang='lat' dir='ltr'><strong>gementem</strong></span> <span class='ocrx_word' id='word_1_203' title='bbox 1228 3308 1295 3373; x_wconf 88' lang='grc'><strong>865</strong></span> 
     </span>
     <span class='ocr_line' id='line_1_30' title="bbox 234 3409 1067 3496; baseline 0 -20"><span class='ocrx_word' id='word_1_204' title='bbox 234 3409 341 3476; x_wconf 92' lang='lat' dir='ltr'><strong>Obliti</strong></span> <span class='ocrx_word' id='word_1_205' title='bbox 356 3411 467 3496; x_wconf 90' lang='lat' dir='ltr'><strong>ignoto</strong></span> <span class='ocrx_word' id='word_1_206' title='bbox 483 3431 672 3495; x_wconf 89' lang='lat' dir='ltr'><strong>camporum</strong></span> <span class='ocrx_word' id='word_1_207' title='bbox 687 3410 723 3474; x_wconf 92' lang='lat' dir='ltr'><strong>in</strong></span> <span class='ocrx_word' id='word_1_208' title='bbox 738 3411 871 3495; x_wconf 92' lang='lat' dir='ltr'><strong>pulvere</strong></span> <span class='ocrx_word' id='word_1_209' title='bbox 886 3410 1044 3494; x_wconf 91' lang='lat' dir='ltr'><strong>linquunt</strong></span> <span class='ocrx_word' id='word_1_210' title='bbox 1058 3431 1067 3493; x_wconf 91' lang='lat'>;</span> 
     </span>
    </p>

    <p class='ocr_par' dir='ltr' id='par_1_22' title="bbox 232 3514 1068 3601">
     <span class='ocr_line' id='line_1_31' title="bbox 232 3514 1068 3601; baseline 0 -19"><span class='ocrx_word' id='word_1_211' title='bbox 232 3515 313 3601; x_wconf 91' lang='lat' dir='ltr'><strong>Opis</strong></span> <span class='ocrx_word' id='word_1_212' title='bbox 329 3515 371 3580; x_wconf 91' lang='lat' dir='ltr'><strong>ad</strong></span> <span class='ocrx_word' id='word_1_213' title='bbox 388 3514 571 3580; x_wconf 88' lang='lat' dir='ltr'><strong>aetherium</strong></span> <span class='ocrx_word' id='word_1_214' title='bbox 587 3515 702 3600; x_wconf 88' lang='lat' dir='ltr'><strong>pennis</strong></span> <span class='ocrx_word' id='word_1_215' title='bbox 718 3515 865 3580; x_wconf 87' lang='lat' dir='ltr'><strong>aufertur</strong></span> <span class='ocrx_word' id='word_1_216' title='bbox 881 3515 1068 3601; x_wconf 87' lang='lat' dir='ltr'><strong>Olympum.</strong></span> 
     </span>
    </p>

    <p class='ocr_par' dir='ltr' id='par_1_23' title="bbox 299 3616 1172 3704">
     <span class='ocr_line' id='line_1_32' title="bbox 299 3616 1172 3704; baseline 0.001 -21"><span class='ocrx_word' id='word_1_217' title='bbox 299 3620 412 3684; x_wconf 87' lang='lat' dir='ltr'><strong>Prima</strong></span> <span class='ocrx_word' id='word_1_218' title='bbox 426 3619 524 3704; x_wconf 86' lang='lat' dir='ltr'><strong>fugit,</strong></span> <span class='ocrx_word' id='word_1_219' title='bbox 542 3616 674 3685; x_wconf 90' lang='lat' dir='ltr'><strong>domina</strong></span> <span class='ocrx_word' id='word_1_220' title='bbox 689 3619 818 3703; x_wconf 88' lang='lat' dir='ltr'><strong>amissa,</strong></span> <span class='ocrx_word' id='word_1_221' title='bbox 836 3621 917 3684; x_wconf 87' lang='lat' dir='ltr'><strong>levis</strong></span> <span class='ocrx_word' id='word_1_222' title='bbox 934 3621 986 3684; x_wconf 89' lang='lat' dir='ltr'><strong>ala</strong></span> <span class='ocrx_word' id='word_1_223' title='bbox 1003 3620 1172 3703; x_wconf 80' lang='lat' dir='ltr'><strong>Camillae,</strong></span> 
     </span>
    </p>

    <p class='ocr_par' dir='ltr' id='par_1_24' title="bbox 233 3720 1001 3810">
     <span class='ocr_line' id='line_1_33' title="bbox 233 3720 1001 3810; baseline 0 -20"><span class='ocrx_word' id='word_1_224' title='bbox 233 3720 372 3790; x_wconf 82' lang='lat' dir='ltr'><strong>Turbati</strong></span> <span class='ocrx_word' id='word_1_225' title='bbox 386 3724 518 3810; x_wconf 85' lang='lat' dir='ltr'><strong>fugiunt</strong></span> <span class='ocrx_word' id='word_1_226' title='bbox 535 3725 663 3810; x_wconf 90' lang='lat' dir='ltr'><strong>Rutuli,</strong></span> <span class='ocrx_word' id='word_1_227' title='bbox 679 3725 765 3810; x_wconf 85' lang='lat' dir='ltr'><strong>fugit</strong></span> <span class='ocrx_word' id='word_1_228' title='bbox 781 3747 854 3790; x_wconf 88' lang='lat' dir='ltr'><strong>acer</strong></span> <span class='ocrx_word' id='word_1_229' title='bbox 870 3725 1001 3809; x_wconf 91' lang='lat' dir='ltr'><strong>Atinas,</strong></span> 
     </span>
    </p>

    <p class='ocr_par' dir='ltr' id='par_1_25' title="bbox 233 3825 1294 4020">
     <span class='ocr_line' id='line_1_34' title="bbox 233 3825 1294 3916; baseline -0.004 -20"><span class='ocrx_word' id='word_1_230' title='bbox 233 3830 434 3916; x_wconf 87' lang='lat' dir='ltr'><strong>Disjectique</strong></span> <span class='ocrx_word' id='word_1_231' title='bbox 450 3831 549 3895; x_wconf 89' lang='lat' dir='ltr'><strong>duces</strong></span> <span class='ocrx_word' id='word_1_232' title='bbox 564 3829 766 3915; x_wconf 87' lang='lat' dir='ltr'><strong>desolatique</strong></span> <span class='ocrx_word' id='word_1_233' title='bbox 782 3830 921 3916; x_wconf 88' lang='lat' dir='ltr'><strong>manipli</strong></span> <span class='ocrx_word' id='word_1_234' title='bbox 1228 3825 1294 3896; x_wconf 88' lang='grc'><strong>870</strong></span> 
     </span>
     <span class='ocr_line' id='line_1_35' title="bbox 234 3933 1104 4020; baseline 0.001 -20"><span class='ocrx_word' id='word_1_235' title='bbox 234 3935 324 4000; x_wconf 81' lang='lat' dir='ltr'><strong>Tuta</strong></span> <span class='ocrx_word' id='word_1_236' title='bbox 338 3939 459 4020; x_wconf 88' lang='lat' dir='ltr'><strong>petunt</strong></span> <span class='ocrx_word' id='word_1_237' title='bbox 475 3943 508 3998; x_wconf 91' lang='lat' dir='ltr'><strong>et</strong></span> <span class='ocrx_word' id='word_1_238' title='bbox 524 3933 615 4018; x_wconf 89' lang='lat' dir='ltr'><strong>equis</strong></span> <span class='ocrx_word' id='word_1_239' title='bbox 631 3935 734 4000; x_wconf 86' lang='lat' dir='ltr'><strong>aversi</strong></span> <span class='ocrx_word' id='word_1_240' title='bbox 749 3935 791 4000; x_wconf 88' lang='lat' dir='ltr'><strong>ad</strong></span> <span class='ocrx_word' id='word_1_241' title='bbox 807 3935 936 4000; x_wconf 90' lang='lat' dir='ltr'><strong>moenia</strong></span> <span class='ocrx_word' id='word_1_242' title='bbox 952 3935 1104 4001; x_wconf 87' lang='lat' dir='ltr'><strong>tendunt.</strong></span> 
     </span>
    </p>
   </div>
   <div class='ocr_carea' id='block_1_3' title="bbox 0 0 1483 4522">
    <p class='ocr_par' dir='ltr' id='par_1_26' title="bbox 0 0 1483 4522">
     <span class='ocr_line' id='line_1_36' title="bbox 0 0 1483 4522; baseline 0 0"><span class='ocrx_word' id='word_1_243' title='bbox 0 0 1483 4522; x_wconf 95' lang='lat' dir='ltr'><strong> </strong></span> 
     </span>
    </p>
   </div>
  </div>
 </body>
</html>
