2944 4522
529 350 699 400 nnunrnos
721 353 787 403 nra.
812 354 845 403 x.
1155 335 1224 401 243

155 509 391 596 Praecipitant,
409 511 515 576 omnis
531 513 655 598 campis
671 512 803 600 diffugit
820 521 938 598 arator,

155 617 272 684 Omnis
287 624 321 682 et
336 617 489 704 agricola,
506 625 541 683 et
556 625 633 684 tuta
648 620 732 684 latet
748 642 819 686 arce
835 621 943 686 viator
1104 716 1108 724 Ι
1153 621 1221 689 805
1291 617 1294 624 ’

155 723 229 788 Aut
245 722 352 788 amnis
367 723 449 808 ripis
464 731 523 788 aut
538 724 600 789 alti
613 725 734 790 fornice
752 727 834 811 saxi,

157 828 250 894 Dum
266 828 352 913 pluit
367 827 522 914 interris,
539 837 579 894 ut
594 831 730 915 possint,
748 833 813 897 sole
829 833 972 918 reducto,

156 932 316 997 Exercere
332 932 438 1000 diem:
464 933 509 998 sic
525 933 661 1000 obrutus
678 935 821 1020 undique
838 937 918 1002 telis'
954 959 968 986 ⁰

157 1036 286 1102 Aeneas
302 1038 425 1102 nubem
440 1039 528 1123 belli,
546 1040 626 1104 dum
642 1041 776 1106 detonet
792 1040 908 1126 omnis,

158 1140 308 1207 Sustinet
325 1149 358 1207 et
373 1142 522 1208 Lausum
536 1143 723 1229 increpitat,
741 1144 915 1229 Lausoque
931 1145 1096 1214 minatur:
1155 1149 1221 1214 810

159 1246 267 1328 “Quo
282 1246 438 1313 moriture
454 1247 532 1332 ruis,
548 1248 737 1333 majoraque
753 1248 876 1314 viribus
892 1251 1019 1318 audes?

159 1352 296 1418 “Fallit
312 1360 346 1418 te
361 1352 536 1418 incautum
550 1353 656 1438 pietas
671 1357 762 1420 tua.”
810 1355 880 1420 Nec
897 1356 1008 1422 minus
1023 1355 1079 1422 ille

158 1458 317 1523 Exsultat
334 1458 486 1540 demens;
511 1480 623 1524 saevae
634 1457 768 1544 jamque
784 1459 884 1525 altius
899 1460 965 1525 irae

159 1563 325 1628 Dardanio
342 1571 480 1650 surgunt
495 1565 633 1648 ductori,
652 1572 863 1650 extremaque
879 1565 987 1632 Lauso
1232 1651 1234 1656 Ι

159 1669 281 1733 Parcae
296 1669 353 1734 tila
368 1669 505 1754 legunt:
530 1670 677 1735 validum
692 1691 835 1755 namque
851 1672 953 1758 exigit
970 1695 1080 1738 ensem
1153 1674 1220 1740 815

159 1773 224 1837 Per
238 1773 386 1838 medium
402 1773 532 1839 Aeneas
543 1774 708 1858 juvenem,
725 1783 899 1860 totumque
915 1779 1061 1850 recondit
1075 1800 1084 1861 ;

159 1876 304 1942 Transiit
320 1885 354 1941 et
372 1899 520 1962 parmam
535 1899 657 1962 mucro,
674 1879 758 1942 levia
773 1901 865 1944 arma
880 1880 1025 1964 minacis,
1082 1933 1089 1944 .

157 1983 205 2046 Et
221 1981 382 2067 tunicam,
398 1982 489 2048 molli
503 1990 609 2047 mater
624 2005 724 2068 quarn
739 1993 870 2049 neverat
886 2006 984 2068 auro;

158 2088 379 2174 Implevitque
396 2088 504 2154 sinum
521 2089 675 2174 sanguis;
699 2097 774 2154 turn
789 2091 859 2155 vita
876 2112 932 2176 per
947 2113 1042 2156 auras

159 2193 327 2260 Ocncessit
343 2201 471 2260 maesta
486 2195 528 2260 ad
545 2194 670 2280 Manes,
687 2217 869 2281 corpusque
885 2196 1024 2281 reliquit.
1153 2197 1220 2263 820

157 2298 207 2364 At
222 2320 298 2364 vero
312 2307 352 2364 ut
366 2300 501 2365 vultum
516 2300 599 2366 vidit
614 2301 780 2367 morientis
796 2308 829 2366 et
846 2323 910 2386 ora,

161 2403 230 2470 Ora
244 2403 349 2469 modis
363 2403 579 2470 Anchisiades
595 2405 755 2492 pallentia
769 2406 870 2490 miris,

157 2508 327 2593 Ingemuit
343 2508 499 2574 miserans
514 2509 663 2596 graviter,
680 2511 895 2596 dextramque
910 2511 1062 2598 tetendit,

159 2613 205 2678 Et
221 2621 364 2680 mentem
380 2613 505 2699 patriae
521 2615 622 2680 subiit
639 2615 773 2700 pietatis
788 2615 906 2703 imago.
954 2673 956 2676 .

159 2719 283 2800 “Quid
298 2719 361 2784 tibi
377 2741 475 2804 nunc,
493 2719 673 2785 miserande
688 2742 779 2806 puer,
796 2743 854 2806 pro
869 2722 1023 2788 laudibus
1038 2723 1120 2808 istis,
1153 2725 1219 2791 825

159 2823 282 2906 “Quid
298 2825 372 2911 pius
388 2825 517 2891 Aeneas
533 2833 628 2890 tanta
643 2827 736 2891 dabit
751 2827 1038 2915 indoledignum?

160 2930 181 2962 “
194 2929 308 3014 Arma,
326 2929 446 3015 quihus
461 2923 618 3014 laetatus,
635 2929 719 2995 habe
735 2938 808 3014 tua,
825 2938 924 3017 teque
942 2941 1115 3019 parentum

159 3034 349 3100 “Manibus
364 3041 398 3099 et
414 3034 525 3119 cineri,
543 3034 572 3100 si
587 3054 654 3120 qua
669 3042 718 3100 est
734 3057 875 3121 occure,
892 3038 1032 3103 remitto.

158 3139 265 3205 “Hoc
280 3147 394 3204 tamen
408 3139 524 3205 infelix
539 3139 690 3204 miseram
705 3140 847 3206 solabere
864 3149 1023 3208 mortem:

158 3243 321 3309 “Aeneae
337 3245 449 3331 magni
464 3246 581 3311 dextra
597 3245 715 3313 cadis.”
762 3247 916 3332 Increpat
930 3247 1017 3312 ultro
1152 3247 1219 3312 830

157 3347 362 3414 Cunctantes
378 3349 489 3434 socios,
508 3357 542 3414 et
558 3348 644 3415 terra¹
660 3351 809 3416 sublevat
824 3352 943 3436 ipsum,

158 3451 325 3537 Sanguine
337 3459 528 3538 turpantem
544 3459 668 3518 comtos
683 3454 724 3518 dc
740 3475 827 3518 more
844 3454 985 3540 capillos.
1079 3542 1082 3547 Ι

157 3557 289 3623 Interea
305 3547 433 3644 genitor
448 3558 593 3625 Tiberini
608 3560 651 3625 ad
665 3558 812 3624 fluminis
828 3561 953 3625 undam

146 3664 304 3731 ⁴Vulnera
320 3665 464 3732 siccabat
478 3665 631 3752 lymphis,
649 3685 829 3752 corpusque
843 3666 975 3732 levabat

155 3770 290 3836 Arboris
307 3769 440 3835 acolinis
455 3779 571 3837 trunco
586 3791 595 3854 ;
619 3771 731 3857 procul
747 3791 839 3835 aerea
854 3771 952 3838 ramis
1153 3771 1219 3838 835

156 3875 330 3962 Dependet
345 3875 449 3960 galea,
466 3883 500 3942 et
515 3883 609 3962 prato
625 3876 735 3962 gravia
749 3897 841 3941 arma
856 3876 1039 3961 quiescunt.

155 3981 255 4047 Stant
272 3978 352 4044 lecti
367 3977 489 4043 circum
500 3978 656 4065 juvenes3
681 3979 750 4065 ipse
766 4001 872 4066 aeger,
890 3981 1061 4064 anhelans,
1186 3985 1189 3992 ’
