2838 4522
464 318 636 366 Annnmos
660 317 726 366 ΠΒ.
751 319 773 366 1.

110 475 129 510 “
140 476 211 544 Aut
226 499 343 564 capere
360 485 420 544 aut
438 485 553 564 captas
565 477 637 564 jam
652 478 842 564 despectare
857 461 1019 544 videntur.

110 581 191 656 “ut
207 581 343 651 reduces
358 581 409 652 illi
423 582 545 661 ludunt
561 579 776 666 stridentibus
792 583 863 667 alis,
887 567 891 578 ⁵

109 683 183 750 “Et
200 695 297 762 coetu
313 687 444 754 cinxere
460 687 582 773 polum,
600 692 782 772 cantusque
798 687 935 769 dedere;

97 789 131 871 ,“
142 791 243 858 Haud
257 780 358 858 aliter
373 809 563 879 puppesque
579 800 656 858 tuae
671 791 839 878 pubesque
857 798 990 857 tuorum

110 893 128 926 “
138 894 209 960 Aut
224 904 361 982 portum
376 903 479 980 tenet,
496 903 556 960 aut
572 896 668 981 pleno
684 895 773 962 subit
789 895 873 960 ostia
887 895 966 961 vele.
1103 893 1170 958 400

112 997 241 1086 “Perge
258 987 418 1086 modbet,
436 993 502 1087 qub
517 1008 552 1066 te
568 1000 661 1066 ducit
676 1000 858 1086 via,'dirige
874 1002 1050 1092 gressum.”

112 1103 211 1190 Dixit,
229 1113 263 1171 et
279 1111 432 1174 avertens
448 1095 538 1172 rose'd
550 1105 673 1172 cervice
690 1101 826 1190 refulsit,

110 1209 364 1298 Ambrosiaeque
380 1233 490 1278 comae
506 1211 658 1278 divinum
672 1211 792 1276 vertice
808 1211 939 1276 odorem

110 1315 273 1401 Spirave're
289 1339 299 1401 ;
325 1319 424 1404 pedes
439 1318 539 1383 vestis
554 1317 693 1382 defluxit
709 1317 752 1382 ad
766 1316 849 1381 imos
862 1337 871 1398 ;

111 1420 153 1486 tlt
166 1443 241 1488 vcra
256 1423 387 1489 incessu
402 1423 514 1509 patuit
529 1424 598 1489 dea.
645 1423 707 1487 Ille
722 1422 781 1486 ubi
794 1428 936 1491 matrem
1104 1417 1180 1491 405.

112 1523 261 1612 Agnovit,
275 1527 338 1594 tali
352 1527 536 1614 fugientem
552 1535 602 1592 est
611 1548 695 1596 ,voce
712 1533 841 1592 secutus
856 1548 863 1592 :

113 1629 229 1712 “Quid
245 1641 367 1716 natum
382 1633 492 1716 toties,
510 1633 649 1698 crudelis
665 1640 704 1696 tu
719 1653 859 1717 quoque,
875 1630 966 1696 falsis

111 1732 239 1802 “Ludis
255 1737 482 1828 imaginibus?
529 1737 598 1803 Gur
613 1739 746 1803 dextrae
757 1737 894 1823 jungere
909 1737 1063 1802 dextram

112 1837 131 1869 ‘⁶
143 1841 215 1906 Non
230 1844 341 1929 datur,
358 1865 396 1908 ae
412 1864 505 1909 veras
521 1844 632 1908 andire
649 1850 683 1908 et
700 1844 829 1908 reddere
843 1835 999 1924 voees?'’'

113 1943 241 2012 Talibus
255 1949 398 2032 incusat,
415 1969 626 2034 gressumque
642 1949 685 2013 ad
700 1947 828 2013 moenia
844 1935 952 2012 tendit
965 1969 974 2030 3
1101 1945 1167 2010 410

77 2113 96 2152 θ
112 2049 157 2114 At
172 2051 286 2120 Venus
303 2054 445 2138 obscuro·
454 2053 640 2139 gradientes
656 2059 732 2117 aere
748 2053 859 2138 sepsit,
1203 2045 1206 2050 ’

114 2154 158 2220 Et
171 2159 276 2224 multo
292 2159 432 2224 nebulae
449 2159 571 2224 circum
586 2159 648 2222 dea
663 2157 750 2222 fudit
767 2156 903 2240 amictu,

115 2259 243 2328 Cernere
258 2285 301 2330 ne
318 2263 392 2348 quis
408 2285 471 2348 eos,
488 2269 554 2328 neu
569 2263 644 2347 quis
660 2261 846 2347 contingere
862 2266 982 2345 posset,

114 2363 252 2434 Molirive
268 2391 406 2453 moram,
423 2375 483 2434 aut
498 2367 649 2432 veniendi
663 2387 795 2454 poscere
812 2387 934 2430 causas.

113 2469 184 2555 Ipsa
200 2473 355 2560 Paphum
371 2474 518 2540 sublimis
533 2473 613 2560 abit,
631 2475 787 2559 sedesque
799 2471 914 2538 revisit
1105 2471 1171 2537 415
1222 2453 1224 2457 ’
1299 2445 1305 2458 ¹

113 2573 209 2644 Laeta
225 2602 314 2664 snas,
330 2580 388 2644 ubi
402 2581 567 2668 templum
578 2579 637 2664 illi,
655 2588 853 2664 centumque
871 2579 994 2645 Sabaeo

114 2681 194 2749 Ture
206 2677 316 2752 calent
332 2707 405 2752 arae
419 2671 575 2770 sertisque
592 2685 775 2753 recentibus
790 2685 913 2752 halant.

123 2781 125 2786 ¹
177 2777 365 2878 Corripuere
381 2795 470 2858 viam
484 2788 700 2876 intereaque
714 2791 831 2856 semita
845 2797 1026 2872 monstret3

113 2889 251 2980 Jamque
268 2897 511 2961 adscendebant
527 2896 653 2980 collem,
671 2896 729 2978 qui
744 2894 905 2981 plurimus
920 2895 994 2960 urbi
1114 2929 1116 2933 r
1230 2931 1238 2947 0

113 2995 277 3086 Imminet,
293 2989 696 3088 adversasqueadspectat
712 2991 963 3085 desuper'arces.
1106 2998 1172 3063 420
1279 3033 1286 3046 ·

115 3089 254 3170 Miratur
268 3105 389 3196 molem
404 3105 543 3190 Aeneas,
561 3105 709 3191 magalia
718 3107 894 3190 quondam,

113 3205 250 3275 Miratur
265 3218 376 3296 portas
388 3206 632 3296 strepitumquev
644 3219 677 3276 et
693 3219 797 3276 strata
810 3211 946 3276 viarum.
1063 3281 1066 3288 Ι

113 3310 243 3380 Instant
259 3315 408 3382 ardentes
424 3315 529 3401 Tyrii,
544 3338 618 3401 pars
633 3317 751 3381 ducere
767 3336 875 3380 muros

95 3423 97 3429 '
114 3415 283 3506 Mclirique
299 3441 406 3488 arcem
421 3429 455 3487 et
473 3423 624 3488 manibus
640 3421 828 3487 subvolvere
844 3441 933 3504 saxa,

113 3521 189 3591 Pars
205 3534 321 3612 optare
332 3525 440 3592 locum
455 3535 543 3592 tecto
559 3537 593 3594 et
609 3527 799 3592 concludere
816 3525 925 3608 sulco;
1106 3523 1172 3591 425

113 3625 192 3695 dura
208 3630 487 3718 magistratusque
501 3633 616 3717 legunt
633 3638 848 3714 sanctumque
865 3638 1036 3712 senatum3

114 3731 173 3800 Hic
188 3745 307 3824 portus
322 3737 381 3802 alii
397 3736 575 3820 effodiunt3
599 3736 651 3800 hic
669 3735 740 3800 alta
755 3735 877 3800 theatri

113 3833 345 3906 Fundamenta
359 3840 468 3920 locant
484 3841 551 3926 alii,
568 3840 791 3927 immanesque
806 3841 974 3905 columnas

116 3939 265 4030 Rupibus
282 3942 452 4030 excidunt,
470 3946 573 4014 scenis
588 3945 703 4013 decora
717 3945 786 4010 alta
801 3943 940 4010 futuris:
