2898 4518
483 327 656 376 nnnmnos
678 329 744 376 nm.
768 327 827 374 v11.
1121 307 1185 374 165

135 488 239 575 Sepsit
254 509 287 555 se
303 488 411 572 tectis,
428 509 602 573 rerumque
617 485 750 573 reliquit
764 487 916 552 habenas.
1119 485 1185 550 600

193 593 263 659 Mos
279 601 348 659 erat
364 592 523 679 Hesperio
537 593 573 657 in
588 592 695 676 Latio,
713 613 812 678 quem
826 599 982 678 protenus
998 589 1096 656 urbes

132 696 274 763 Albanae
289 699 414 764 coluere
431 719 568 781 sacrum,
585 719 672 762 nunc
687 697 832 763 maxima
846 717 954 763 rerum

133 803 231 868 Roma
245 804 335 888 colit,
352 824 456 889 quum
472 803 579 888 prima
595 811 727 869 movent
742 803 777 868 in
793 803 914 888 proelia
930 802 1082 885 Martem,

134 908 201 974 Sive
218 908 311 975 Getis
328 908 445 974 inferre
461 929 564 974 manu
579 908 779 973 lacrimabile
794 908 918 972 bellum

133 1013 326 1098 Hyrcanisve
342 1013 501 1079 Arabisve
516 1021 645 1100 parant,
663 1035 720 1079 seu
735 1014 868 1078 tendere
883 1013 927 1077 ad
941 1011 1040 1076 indos
1119 1010 1184 1075 605

132 1118 350 1204 Auroramque
367 1119 458 1202 sequi
473 1118 677 1202 Parthosque
693 1139 856 1204 reposcere
873 1117 973 1202 signa.

133 1223 213 1289 Sunt
228 1225 376 1311 geminae
393 1224 478 1288 Belli
492 1223 668 1309 portae-sic
684 1223 814 1288 nomine
829 1222 963 1288 dicunt-

132 1326 292 1414 Religione
310 1349 417 1394 sacrae
433 1335 467 1392 et
483 1328 570 1392 saevi
585 1326 756 1393 formidine
774 1326 910 1408 Martis余

133 1431 267 1498 Centum
283 1434 369 1498 aerei
384 1433 544 1527 claudunt
560 1440 667 1498 vectes
684 1441 878 1518 aeternaque
893 1431 969 1497 ferri

132 1534 259 1622 Robora,
277 1559 337 1603 nec
354 1545 464 1604 custos
480 1537 611 1604 absistit
626 1537 737 1603 limine
752 1539 881 1605 Janus:
1119 1535 1185 1601 610

131 1638 205 1724 Has,
223 1643 278 1708 ubi
295 1649 385 1707 certa
400 1644 490 1708 sedet
506 1642 655 1728 patribus
671 1643 834 1708 sententia
850 1663 989 1729 pugnae,

131 1743 210 1830 Ipse,
228 1746 389 1828 Quirinali
404 1748 516 1812 trabea
532 1747 706 1832 cinctuque
723 1747 851 1813 Gabino

131 1847 279 1937 Insignis,
298 1859 417 1916 reserat
434 1852 607 1918 stridentia
621 1853 736 1917 limina
752 1853 884 1935 consul余

131 1949 201 2036 Ipse
216 1962 309 2020 vocat
325 1977 463 2041 pugnas,
480 1957 628 2040 sequitur
645 1965 717 2021 tum
732 1964 839 2021 cetera
855 1956 968 2041 pubes,

130 2057 292 2144 Aereaque
309 2061 448 2124 adsensu
463 2060 649 2145 conspirant
666 2082 786 2127 cornua
802 2079 907 2125 rauco.
1122 2057 1186 2122 615

130 2162 196 2228 Hoc
212 2171 245 2229 et
262 2174 338 2229 tum
353 2163 514 2230 Aeneadis
530 2165 671 2230 indicere
687 2165 772 2229 bella
788 2163 927 2228 Latinus

131 2266 214 2332 More
224 2268 413 2352 jubebatur,
430 2268 606 2353 tristesque
623 2269 784 2333 recludere
800 2277 919 2353 portas.

131 2371 300 2438 Abstinuit
316 2381 411 2438 tactu
428 2381 530 2458 pater,
548 2394 743 2458 aversusque
759 2371 880 2458 refugit

129 2477 235 2544 Foeda
251 2478 446 2562 ministeria,
464 2486 498 2543 et
513 2479 618 2544 caecis
634 2499 668 2544 se
684 2478 828 2544 condidit
845 2476 976 2544 umbris.

132 2581 215 2646 Tum
231 2583 342 2669 regina
358 2583 467 2667 deum,
484 2583 571 2648 coelo
587 2583 731 2668 delapsa,
748 2590 911 2648 morantes
1122 2580 1187 2646 620

132 2685 266 2772 Impulit
282 2689 355 2773 ipsa
370 2709 470 2752 manu
486 2695 608 2772 portas,
626 2696 659 2752 et
675 2688 804 2752 cardine
820 2709 909 2752 verso

132 2787 211 2854 Belli
225 2791 362 2856 ferratos
378 2791 503 2875 rumpit
523 2789 676 2856 Saturnia
692 2799 809 2876 postes.

129 2892 230 2960 Ardet
246 2897 389 2960 inexcita
405 2895 552 2961 Ausonia
568 2904 667 2980 atque
682 2896 859 2962 immobilis
874 2905 970 2962 ante:

130 2997 207 3066 Pars
222 3002 323 3086 pedes
338 3001 384 3065 ire
400 3008 495 3086 parat
512 3001 647 3085 campis,
664 3023 739 3087 pars
755 3003 876 3067 arduus
890 3002 966 3066 altis

130 3101 383 3170 Pulverulentus
399 3105 491 3190 equis
506 3105 586 3170 furit
600 3126 609 3188 3
634 3127 745 3172 omnes
761 3129 852 3171 arma
868 3105 1050 3190 requirunt.
1123 3104 1188 3170 625

130 3206 209 3274 Pars
223 3210 311 3274 leves
326 3209 444 3294 clipeos
460 3217 494 3274 et
510 3210 635 3296 spicula
650 3211 759 3276 lucida
775 3219 906 3296 tergent

130 3311 255 3376 Arvina
270 3312 395 3398 pingui,
414 3314 635 3399 subiguntque
651 3315 686 3378 in
702 3322 774 3380 cote
791 3335 940 3395 secures余

131 3415 295 3502 Signaque
310 3417 392 3482 serre
405 3417 512 3503 juvat,
530 3419 718 3503 sonitusque
734 3419 844 3483 audire
860 3417 1024 3484 tubarum.

131 3520 283 3606 Quinque
299 3523 380 3587 adeo
395 3545 532 3608 magnae
548 3525 661 3608 positis
677 3524 850 3589 incudibus
864 3523 959 3588 urbes

131 3625 210 3691 Tela
227 3634 362 3710 novant,
380 3627 486 3692 Atina
501 3637 628 3713 potens,
647 3629 813 3713 Tiburque
830 3624 1015 3714 superbum,
1123 3627 1189 3692 630

128 3731 251 3816 Ardea,
270 3730 546 3817 Crustumerique,
564 3741 598 3797 et
614 3733 791 3818 turrigerae
807 3731 1002 3822 Antemnae.

128 3833 292 3922 Tegmina
307 3843 383 3900 tuta
398 3846 516 3902 cavant
533 3837 690 3922 capitum,
707 3835 911 3922 flectuntque
927 3837 1070 3922 salignas

130 3938 324 4005 Umbonum
339 3949 465 4024 crates余
489 3941 546 4007 alii
560 3942 709 4006 thoracas
726 3942 845 4008 ahenos
924 3981 926 3986 .
