2838 4522
268 274 311 340 12
634 289 804 336 aunarnos
827 291 892 338 mn.
917 291 938 338 1.

267 447 291 488 “
301 449 507 518 Olaudeutur
522 447 607 546 Belli
622 452 733 542 portae
749 471 756 530 ;
780 423 1136 548 Furorlimpiuslinths,

268 556 289 590 “
304 557 407 623 Saeva
417 553 531 664 saliens
543 545 749 640 superssarma,
767 563 801 620 et
817 553 1096 646 centumjvinotus
1111 557 1205 624 ainis
1261 560 1327 626 295

267 661 383 726 “Post
399 668 529 746 tergum
544 661 646 744 nodis,
664 644 943 744 fremetsshorridus
960 682 1012 726 ore
1029 664 1193 743 cruento.'’

266 767 358 831 Haeo
374 767 438 850 ait,¹
451 774 485 830 et
502 766 591 854 Maia
606 765 755 852 genitum
770 761 917 857 deluittit
933 752 983 866 ab]l
991 767 1069 851 alte,

159 931 163 940 .
267 870 318 937 Ut
334 880 449 955 terrae,
466 879 569 956 utque
586 893 686 936 novae
702 878 841 956 pateant
859 869 1069 958 Carthaginis
1086 893 1173 938 areos

267 978 422 1062 Hospitio
440 977 584 1062 Teneris,
601 998 643 1040 ne
659 977 721 1041 fati
737 976 844 1042 neeoia
861 976 947 1042 Dido
1179 1021 1206 1070 0

267 1082 407 1148 Finibus
422 1090 552 1164 arceret.
599 1081 700 1148 Volat
715 1081 770 1147 ille
786 1102 844 1168 per
859 1089 938 1148 aera
953 1103 1109 1169 magnum
1261 1085 1329 1148 300

269 1187 418 1275 Remigio
434 1189 571 1273 alarum,
588 1210 626 1254 ao
642 1187 765 1272 Libyae
781 1187 867 1254 oitus
883 1187 1014 1253 adstitit
1030 1188 1115 1271 oris;

267 1294 314 1358 Et
326 1293 397 1378 jam
408 1293 500 1378 jussa
513 1293 605 1377 fauit,
622 1301 814 1378 ponuntque
828 1293 947 1358 ferocia
963 1293 1066 1358 Poeni

266 1397 370 1466 Oonla
385 1397 512 1489 yolente
527 1399 610 1482 deo;
634 1398 669 1464 in
684 1397 796 1484 primis
812 1399 923 1484 regina
938 1396 1088 1484 quietum

22 1577 24 1586 ν
91 1507 224 1601 ’νράάῃ
264 1504 397 1590 Aeoipit
412 1505 448 1592 iu
464 1505 604 1570 Teucros
620 1504 769 1568 animum
784 1511 993 1589 mentemque
1008 1503 1193 1590 benignam.

332 1609 381 1675 At
397 1609 472 1696 pius
487 1608 627 1694 Aeneas,
641 1631 699 1694 per
714 1616 844 1674 noctem
861 1609 1002 1694 plurima
1017 1609 1158 1693 volvens,
1260 1610 1328 1676 305

267 1715 318 1780 Ut
334 1715 478 1800 primum
493 1714 554 1780 lux
569 1714 657 1805 alma
672 1715 754 1779 data
769 1722 830 1798 est,
848 1713 934 1778 exire
949 1714 1101 1799 locosque

264 1819 444 1905 Explorare
460 1839 568 1902 novos,
586 1839 668 1903 quas
683 1826 780 1883 vento
796 1819 965 1884 arcesserit
981 1841 1062 1902 oras,

204 1943 208 1950 ·
264 1925 329 2006 Qui
341 1933 567 1992 teneant-nam
582 1925 708 1990 inculta
723 1925 841 2008 videt,
857 1925 1046 1992 hominesne
1061 1926 1199 2009 seraone,

263 2030 422 2110 Quaerere
439 2030 621 2114 constituit,
639 2029 796 2114 sociisque
803 2037 930 2104 exacta
945 2029 1071 2115 referre
1076 2042 1109 2126 22

264 2131 408 2198 Classem
424 2133 460 2198 in
476 2155 616 2199 convexo
632 2155 802 2198 nemorum
817 2134 877 2198 sub
894 2154 974 2219 rupe
990 2127 1107 2198 cavata
1257 2136 1326 2200 310

262 2234 442 2304 Arboribus
458 2238 604 2322 clausam
620 2238 743 2303 circum
759 2244 861 2322 atque
877 2235 1082 2303 horrentibus
1098 2237 1224 2304 umbris

262 2342 408 2408 Oooulit:
422 2343 492 2428 ipse
507 2365 573 2407 uno
588 2341 737 2427 graditur
753 2341 929 2406 comitatus
944 2342 1084 2426 Achate,
1223 2347 1225 2350 ’

262 2445 348 2510 Bina
363 2468 466 2512 manu
480 2446 549 2510 lato
564 2446 708 2532 crispans
723 2446 857 2510 hastilia
873 2445 962 2513 ferro.
1079 2505 1103 2517 ,,
1135 2505 1138 2510 ,

261 2550 325 2616 Oui
340 2559 445 2616 mater
460 2551 568 2615 media
583 2571 650 2616 sese
667 2551 746 2616 tulit
762 2549 856 2616 obvia
873 2552 963 2637 silva,

261 2653 410 2740 Virginis
426 2676 461 2720 os
476 2653 692 2739 habitumque
707 2677 822 2740 gerens
838 2663 872 2720 et
888 2655 1023 2741 virginis
1038 2678 1131 2720 arma
1256 2659 1324 2726 315

261 2751 452 2852 Spartanae,
470 2743 642 2845 velqualis
658 2733 756 2854 elluos
774 2745 925 2826 Threissa
940 2761 1061 2848 fatigat

260 2861 445 2953 Harpalybe
461 2859 688 2951 volucremque
704 2861 784 2951 fuga
800 2856 1020 2950 praevertitur
1035 2867 1207 2936 Hebrum:

259 2965 412 3055 Namque
428 2958 572 3060 humebis
588 2971 627 3034 de
644 2993 730 3044 more
746 2971 888 3036 habilem
905 2947 1119 3066 sus'penderat‘
1133 2995 1246 3038 eroum

259 3063 431 3160 Vena'trix,
448 3066 646 3162 dedolatque
662 3099 789 3169 comam
805 3059 985 3166 dilluudere
1000 3063 1117 3162 ventis,

261 3165 361 3245 Nuda
376 3157 472 3274 gebu,
491 3170 638 3292 nolloque
655 3165 743 3280 sinus
759 3157 894 3287 collecta
908 3181 1057 3268 fluentes.
1254 3187 1322 3248 320

259 3285 310 3350 Ac
327 3275 451 3384 priorl“
465 3285 559 3350 Heus
570 3287 588 3314 '’
605 3285 713 3382 influit
731 3286 751 3317 “
761 3283 907 3370 juvehes,
926 3294 1117 3371 monstrate,
1135 3309 1283 3354 mearum

260 3391 433 3456 “Vidistis
449 3390 590 3475 siquam
608 3389 839 3492 hioxerrantem
854 3392 936 3457 forte
953 3414 1107 3476 sororum,

259 3495 279 3526 “
292 3495 501 3561 Suooinotam
516 3496 670 3580 pharetra
686 3500 720 3560 et
734 3497 918 3563 maculosae
934 3497 1076 3583 tegmine
1092 3497 1206 3582 lyncis,

264 3599 285 3632 “
299 3600 373 3664 Aut
391 3601 574 3686 spumantis
587 3601 657 3690 apri
669 3623 801 3668 oursum
817 3603 955 3668 elamore
972 3606 1205 3688 prementem.'’

259 3703 312 3770 Sio
329 3703 454 3787 Venus,
467 3712 501 3768 et
519 3703 656 3770 Veneris
671 3713 785 3770 eontra
801 3706 845 3770 sio
861 3707 947 3771 filius
963 3727 1074 3772 orsus:
1252 3709 1320 3778 325

258 3809 395 3874 “Nulla
410 3818 545 3874 tuarum
561 3811 675 3876 audita
690 3809 772 3874 mihi
789 3832 893 3896 neque
908 3812 977 3876 visa
993 3833 1147 3896 sororum,

258 3916 278 3948 ‘⁴
294 3915 469 4001 O-quam
486 3924 519 3980 te
536 3937 722 4001 memorem,
733 3917 850 4002 virgo?
868 3938 1011 4003 namque
1027 3918 1117 3984 haud
1130 3917 1192 4013 tibi
1203 3920 1332 3987 vultus.
