2944 4522
259 317 322 384 186
606 335 778 382 snunrnos
802 326 866 382 nte.
890 335 964 382 v111.

259 495 454 562 Sermonum
469 515 593 561 memor
608 503 643 560 et
659 494 810 581 promissi
825 495 978 578 muneris,
994 495 1097 584 heros.

258 599 291 664 N
293 622 328 665 ec
344 599 452 665 minus
469 599 597 665 Aeneas
613 621 646 666 se
661 599 849 665 matutinus
865 599 993 685 egebat.
1255 599 1324 667 465

258 689 364 771 Filius
378 705 455 771 huic
472 707 598 789 Pallas,
615 706 664 771 illi
680 727 785 771 comes
800 706 871 771 ibat
888 705 1044 771 Achates.

259 811 430 896 Congressi
441 811 588 898 jungunt
605 813 748 896 dextras,
766 812 947 897 mediisque
963 812 1113 876 residunt

258 916 418 1002 Aedibus,
435 925 469 982 et
484 917 575 982 licito
591 919 725 983 tandem
742 940 888 984 sermone
903 918 1069 984 fruuntur.

259 1019 332 1086 Rex
347 1021 433 1107 prior
448 1023 528 1088 haec
543 1044 551 1089 ι

260 1126 439 1192 “Maxime
457 1127 656 1193 Teucrorum
672 1129 801 1213 ductor,
819 1149 883 1213 qno
900 1127 1021 1214 sospite
1032 1149 1221 1221 numquam
1257 1126 1323 1195 470

259 1229 281 1263 “
295 1231 361 1298 Res
377 1232 529 1317 equidem
542 1230 662 1317 Trojae
678 1233 785 1298 victas
801 1240 861 1297 aut
877 1254 977 1318 regna
992 1233 1126 1315 fatebor,

260 1336 399 1403 “Nobis
414 1339 456 1403 ad
470 1338 548 1403 belli
563 1338 724 1402 auxilium
739 1361 797 1424 pro
812 1339 942 1404 nomine
961 1346 1053 1403 tento

260 1443 441 1530 “Exiguae
456 1444 556 1510 vires:
582 1443 657 1509 hinc
675 1443 783 1509 Tusco
797 1443 981 1510 claudimur
996 1444 1097 1528 amni,

259 1550 280 1584 “
294 1550 381 1615 Hinc
398 1550 543 1615 Rutulus
559 1548 677 1635 premit
694 1557 727 1614 et
744 1571 876 1614 murum
891 1550 1109 1615 circumsonat
1125 1549 1231 1615 armis

250 1657 280 1722 .“
295 1658 357 1723 Sed
374 1657 436 1722 tibi
452 1677 510 1742 ego
525 1656 675 1742 ingentes
691 1656 827 1741 populos
843 1656 1062 1741 opulentaque
1079 1654 1186 1741 regnis
1257 1653 1322 1722 475

261 1762 281 1795 “
294 1763 440 1849 dungere
456 1769 562 1827 castra
577 1783 678 1847 paro:
704 1783 805 1847 quarn
821 1762 885 1828 fors
899 1761 1031 1848 inopina
1047 1764 1188 1828 salutem
1260 1791 1264 1800 ·

260 1868 281 1900 “
294 1867 460 1934 Ostentat.
508 1867 604 1933 Fatis
619 1868 684 1932 huo
700 1876 733 1932 te
749 1869 960 1953 poscentibus
976 1868 1079 1934 affers.

260 1973 283 2006 “
294 1973 395 2039 Haud
410 1974 523 2060 procul
537 1973 614 2038 hinc
630 1996 708 2038 saxo
724 1973 877 2039 incolitur
891 1974 1031 2062 fundata
1046 1981 1177 2040 vetusto

260 2077 394 2144 “Urbis
409 2077 583 2163 Agyllinae
600 2078 700 2161 sedes,
718 2077 775 2141 ubi
791 2077 896 2162 Lydia
911 2079 1076 2163 quondam

261 2184 282 2216 “
298 2184 398 2267 Gens,
415 2185 501 2250 bello
516 2185 691 2269 praeclara,
704 2182 793 2270 jugis
808 2184 927 2250 insedit
945 2184 1102 2251 Etruscis.
1256 2185 1323 2252 480

260 2290 281 2323 “
294 2290 390 2356 Hanc
405 2290 527 2356 multos
543 2291 714 2354 florentem
730 2311 831 2355 annos
848 2312 904 2355 rex
920 2291 1036 2356 deinde
1052 2291 1189 2376 superbo

260 2396 436 2483 “Imperio
452 2403 487 2461 et
502 2394 606 2461 saevis
621 2395 730 2460 tenuit
746 2395 931 2461 Mezentius
947 2395 1053 2462 armis.

260 2502 382 2583 “Quid
397 2523 573 2567 memorem
588 2489 741 2565 infandas
756 2502 897 2567 caedes?
923 2501 1003 2586 quid
1017 2501 1107 2566 facta
1123 2502 1257 2586 tyranni

259 2605 282 2639 “
294 2605 431 2672 Effera?
479 2606 525 2671 Di
540 2605 640 2692 capiti
654 2603 757 2690 ipsius
772 2605 945 2691 generique
961 2612 1142 2673 reserventl

261 2712 282 2744 “
295 2712 427 2778 Mortua
442 2712 523 2797 quin
539 2711 642 2776 etiam
652 2711 813 2797 jungebat
829 2733 960 2797 corpora
976 2711 1066 2795 vivis
1258 2714 1325 2778 485

260 2818 282 2852 “
296 2818 501 2904 Componens
516 2817 733 2902 manibusque
748 2839 866 2882 manus
881 2825 980 2902 atque
995 2818 1103 2882 oribus
1118 2839 1190 2882 ore-

261 2925 466 2989 “Tormenti
480 2945 608 3010 genus,
626 2929 660 2988 et
676 2922 765 2988 sanie
780 2922 921 3008 taboque
937 2922 1077 2988 fluentes

261 3030 285 3065 “
299 3029 481 3115 Complexu
496 3029 532 3093 in
545 3029 663 3093 misero
677 3028 775 3114 longa
791 3027 836 3093 sio
853 3034 957 3093 morte
972 3027 1120 3093 necabat.

262 3135 344 3202 “At
360 3135 437 3200 sessi
451 3135 586 3200 tandem
601 3133 686 3198 cives
701 3131 837 3198 infanda
852 3132 1017 3197 furentem

261 3241 283 3277 “
294 3240 429 3308 Armati
444 3239 689 3305 circumsistunt
704 3238 878 3323 ipsumque
895 3239 1103 3322 domumque,
1258 3236 1337 3304 490·

262 3345 283 3380 “
296 3346 505 3412 Obtruncant
522 3342 634 3426 socios,
650 3342 762 3428 ignem
778 3343 821 3408 ad
836 3341 968 3428 fastigia
979 3341 1118 3428 jactant.

261 3451 282 3484 “
296 3451 357 3515 Ille
385 3449 471 3514 inter
486 3448 620 3513 caedem
635 3447 835 3512 Rutulorum
851 3447 981 3531 elapsus
1007 3446 1042 3510 in
1057 3465 1150 3530 agros

261 3556 282 3590 “
295 3553 489 3640 Confugere,
506 3562 540 3618 et
558 3551 663 3617 Turni
677 3551 842 3616 defendier
857 3551 996 3636 hospitis
1012 3550 1117 3616 armis.

260 3661 379 3747 “Ergo
394 3658 498 3724 omnis
514 3657 606 3723 furiis
623 3658 761 3724 surrexit
777 3657 912 3722 Etruria
923 3656 1043 3742 justis:

261 3757 417 3852 “Regem
432 3765 475 3829 ad
491 3762 689 3848 supplicium
705 3763 867 3848 praesenti
883 3763 992 3828 Marte
1007 3771 1190 3848 reposcunt.
1255 3761 1323 3828 495

263 3871 283 3906 “
294 3869 358 3935 His
374 3889 433 3954 ego
448 3874 494 3951 te,
511 3866 635 3950 Aenea,
652 3867 822 3932 ductorem
837 3867 982 3933 millibus
998 3867 1127 3934 addam.

262 3975 282 4010 “
296 3975 380 4040 Toto
396 3992 537 4056 namque
553 3969 697 4036 fremunt
712 3972 892 4038 condensae
907 3972 1001 4037 litore
1016 3993 1155 4058 puppes,
