2944 4522
539 313 709 364 suusrnos
732 315 797 364 ars.
822 315 855 364 x.
959 341 965 352 κ
1163 298 1230 363 233
1343 371 1347 382 ,

163 473 282 540 Audiit
297 471 432 540 Alcides
443 472 609 561 juvenem,
622 497 846 564 magnumque
863 476 923 542 sub
937 475 1005 542 imo

166 578 271 644 Corde
288 579 408 665 premit
424 579 598 666 gemitum,
615 582 829 666 lacrimasque
845 580 984 646 effundit
1000 581 1122 648 inanes.
1162 580 1229 648 465

165 683 255 748 Tum
271 685 401 770 genitor
416 691 536 749 natum
551 686 649 752 dictis
664 685 787 752 affatur
802 688 935 754 amicis:

166 791 186 822 “
202 792 279 858 Stat
296 814 354 856 sua
371 792 489 877 cuique
504 791 592 875 dies;
616 794 712 858 breve
727 801 761 858 et
777 793 984 879 irreparabile
1001 803 1132 882 tempus

166 896 364 964 “Omnibus
380 905 430 962 est
446 898 556 981 vitae3
582 900 640 964 sed
654 899 777 964 famam
793 901 967 964 extendere
982 899 1090 984 factis,

166 1002 272 1068 “Hoc
288 1003 423 1068 virtutis
438 1025 527 1089 opus.
577 1003 694 1090 Trojaa
710 1005 771 1070 sub
787 1005 954 1070 moenibus
970 1006 1047 1069 altis

166 1107 187 1140 “
199 1109 264 1174 Tot
281 1107 352 1173 nati
367 1107 510 1174 cecidere
525 1110 626 1174 deum
640 1130 649 1193 ;
675 1096 890 1194 quin'occidit
904 1131 971 1173 una
1159 1106 1226 1176 470

166 1213 186 1245 “
200 1213 378 1299 Sarpedon,
395 1233 469 1278 mea
485 1214 661 1299 progenies.
708 1214 823 1280 Etiam
840 1235 899 1279 sua
916 1213 1069 1278 Turnum

165 1317 185 1349 ‘⁴
198 1317 285 1383 Fata
300 1325 430 1403 vocant,
447 1326 618 1404 metasque
633 1319 706 1385 dati
721 1319 870 1405 pervenit
886 1321 928 1384 ad
944 1320 1047 1385 aevi.'’

167 1422 220 1487 Sic
237 1422 295 1505 ait,
313 1430 414 1507 atque
430 1424 539 1488 oculos
555 1423 755 1489 Rutulorum
773 1423 877 1509 rejicit
893 1424 987 1490 arvis.

163 1527 212 1592 At
230 1527 342 1593 Pallas
358 1527 487 1614 magnis
504 1527 629 1593 emittit
644 1529 769 1594 viribus
784 1529 926 1614 hastam,

164 1633 361 1719 Vaginaque
377 1655 457 1700 cava
472 1634 656 1720 fulgentem
671 1635 790 1721 deripit
807 1655 925 1701 ensem.
1160 1632 1226 1704 475

163 1739 228 1802 Illa
242 1739 365 1824 volans,
381 1739 512 1804 humari
527 1747 669 1826 surgunt
685 1761 752 1824 qua
768 1739 916 1825 tegmina
932 1761 1073 1825 summa,

164 1843 299 1928 Incidit,
316 1852 427 1929 atque,
445 1843 533 1908 viam
549 1844 644 1930 clipei
659 1844 774 1910 molita
790 1865 942 1929 peroras,

164 1948 313 2014 Tandem
329 1949 431 2014 etiam
446 1970 566 2034 magno
581 1949 714 2015 strinxit
730 1951 770 2014 de
787 1969 917 2034 corpore
935 1949 1050 2016 Turni.

94 2125 97 2136 ,
164 2054 229 2119 Hic
247 2053 378 2119 Turnus
393 2054 477 2120 ferro
492 2055 673 2139 praefixum
691 2055 788 2118 robur
804 2061 902 2118 acuto

164 2159 207 2223 In
224 2159 377 2224 Pallanta
392 2159 450 2224 diu
465 2159 587 2225 librans
598 2159 692 2244 jacit,
711 2166 810 2244 atque
827 2159 875 2222 ita
890 2158 999 2225 fatur:
1157 2158 1225 2225 480

166 2265 186 2296 “
197 2264 350 2350 Adspice,
368 2286 559 2351 nummage
575 2265 618 2330 sit
633 2272 784 2330 nostrum
801 2264 1003 2350 penetrabile
1019 2265 1158 2332 telum.'’

164 2371 325 2452 Dixerat;
350 2377 386 2434 at
402 2370 555 2456 clipeum,
572 2377 624 2436 tot
639 2370 715 2435 ferri
729 2378 833 2456 terga,
850 2377 901 2435 tot
917 2371 1009 2455 aeris,

162 2477 275 2557 Quum
290 2475 383 2561 pellis
400 2475 498 2541 toties
514 2475 608 2540 obeat
624 2475 830 2540 circumdata
847 2475 942 2559 tauri,

163 2580 317 2646 Vibranti
332 2580 477 2646 medium
493 2579 602 2665 cuspis
618 2579 858 2646 transverberat
873 2580 955 2665 ictu,

162 2686 360 2770 Loricaeque
375 2706 483 2750 moras
499 2692 533 2750 et
548 2692 665 2770 pectus
680 2684 822 2770 perforat
839 2685 960 2771 ingens.
1156 2684 1223 2753 485

163 2790 223 2854 Ille
238 2791 325 2877 rapit
340 2789 483 2856 calidum
498 2789 618 2856 frustra
632 2791 673 2856 de
688 2790 820 2856 vulnere
837 2791 960 2857 telum:

163 2895 241 2961 Una
257 2897 435 2980 eademque
451 2895 505 2960 via
520 2895 653 2980 sanguis
668 2895 860 2980 animusque
877 2903 1067 2980 sequuntur.

163 3000 295 3067 Corruit
310 2999 345 3065 in
360 3000 480 3065 virinus
494 3021 503 3083 ;
528 2999 674 3065 sonitum
689 3005 788 3084 super
803 3022 893 3064 arma
909 3001 1047 3083 dedere3

161 3105 209 3170 Et
224 3113 345 3170 terram
358 3104 511 3170 hostilem
527 3103 667 3168 moriens
682 3103 767 3189 petit
784 3125 837 3169 ore
854 3110 997 3170 cruento.

163 3210 268 3292 Quem
284 3209 416 3274 Turnus
432 3229 529 3294 super
544 3207 715 3292 adsistens,
1155 3203 1224 3273 490

162 3316 184 3350 “
196 3316 353 3399 Arcades,
370 3314 450 3380 haec
461 3316 481 3344 ”
496 3313 605 3402 inquit
623 3313 816 3380 “memores
831 3334 905 3378 mea
920 3312 1011 3378 dicta
1026 3311 1142 3377 referte

162 3422 183 3455 “
195 3422 367 3487 Evandro:
394 3421 533 3502 Qualem
548 3421 679 3504 meruit,
696 3420 851 3485 Pallanta
866 3419 1007 3485 remitte.

162 3527 181 3558 “
194 3525 350 3610 Quisquis
364 3525 465 3590 honos
483 3525 615 3605 tumuli,
633 3524 794 3609 quidquid
810 3523 953 3588 solamen
968 3521 1129 3588 humandi
1145 3529 1207 3606 est,

162 3629 184 3665 “
196 3631 336 3716 Largior.
384 3629 486 3694 Haud
500 3628 550 3694 illi
565 3630 702 3694 stabunt
717 3629 844 3693 Aeneia
859 3649 958 3712 parvo

162 3736 183 3770 “
196 3735 383 3822 Hospitia.''
429 3727 585 3800 Et'laevo
600 3735 717 3820 pressit
733 3735 828 3820 pede,
845 3733 926 3798 talia
941 3733 1041 3820 fatus,
1155 3734 1223 3801 495

160 3841 368 3924 Exanimem,
386 3840 512 3924 rapiens
528 3839 684 3904 immania
699 3839 842 3925 pondera
857 3839 969 3924 baltei,

30 4029 37 4042 ,
161 3947 425 4034 Impressumque
441 3945 549 4011 nefas:
575 3965 641 4010 una
657 3945 717 4011 sub
733 3952 829 4011 nocte
840 3944 948 4032 jugali
