2944 4522
236 289 303 362 258
403 335 416 360 .
601 303 772 361 ruuurn'os
796 316 862 362 arn.
888 315 937 362 xr.

238 470 260 504 “
272 471 373 536 Nulla
389 472 475 538 salus
489 471 593 556 bello;
618 495 733 559 pacem
748 480 783 539 te
799 474 1098 560 poscimusomnes,

238 575 259 608 “
273 577 393 658 Turne,
411 578 510 643 simul
524 565 613 663 phois
628 579 737 654 solum
751 579 936 644 inviolabile
951 578 1081 664 pignus.

237 680 400 747 “Primus
416 704 483 769 ego,
500 683 642 749 invisum
657 705 755 770 quem
770 691 809 748 tu
826 684 888 748 tibi
903 683 1010 769 fingis,
1028 691 1061 748 et
1078 703 1146 749 esse

237 783 330 849 “Nil
344 807 458 872 moror,
476 808 528 870 en,
546 788 686 872 supplex
699 787 802 854 venio.
849 787 999 852 Miserere
1015 795 1157 871 tuorum,
1230 786 1295 852 365

237 890 362 956 “Pone
379 891 504 957 animos
519 898 552 956 et
568 893 683 977 pulsus
698 892 771 958 abi:
797 898 847 957 sat
865 892 979 956 funera
994 891 1059 957 fusi

237 995 258 1029 “
273 995 437 1080 Vidimus,
451 996 600 1082 ingentes
616 1004 649 1061 et
665 995 881 1064 desolarimus
897 1018 999 1082 agros.

237 1098 258 1132 “
270 1098 354 1185 Aut,
372 1100 399 1165 si
413 1100 502 1165 fama
516 1106 637 1185 movet,
656 1099 833 1166 sitantum
848 1107 977 1185 pectore
993 1100 1089 1165 robur

237 1203 259 1236 “
273 1204 434 1290 Concipis,
452 1212 486 1270 et
502 1205 529 1271 si
544 1207 625 1270 adeo
641 1205 759 1270 dotalis
774 1205 862 1290 regia
877 1206 965 1270 cordi
980 1213 1051 1288 est3

237 1308 258 1341 “
269 1309 380 1392 Aude,
397 1317 498 1395 atque
515 1311 686 1375 adversum
700 1310 804 1375 fidens
819 1309 867 1374 fer
882 1317 997 1395 pectus
1012 1311 1047 1374 in
1061 1311 1196 1375 hostem.
1230 1305 1296 1374 370

237 1412 258 1445 ‘⁴
271 1414 413 1500 Scilicet,
430 1423 469 1480 ut
486 1414 597 1478 Turno
613 1413 783 1499 contingat
799 1414 886 1500 regia
902 1414 1034 1499 conjux,

237 1519 259 1552 “
272 1519 350 1603 Nos,
367 1519 494 1584 animae
509 1520 600 1605 viles,
617 1520 792 1584 inhumata
806 1520 983 1605 infletaque
999 1521 1106 1604 turba,

239 1623 261 1656 “
276 1624 466 1690 Stemamur
482 1624 613 1709 campis.
660 1624 774 1689 Etiam
789 1632 839 1709 tu,
857 1625 884 1690 si
890 1647 964 1710 ‚qua
980 1625 1042 1690 tibi
1058 1625 1117 1708 vis,

237 1729 309 1795 “Si
325 1729 423 1814 patrii
439 1729 518 1814 quid
534 1729 651 1794 Martis
666 1729 776 1814 habes,
794 1729 888 1795 illum
903 1731 1033 1817 adspice
1051 1737 1171 1815 contra,

238 1833 259 1867 “
273 1834 338 1916 Qui
352 1841 448 1899 vocat
463 1839 470 1902 !
484 1836 504 1864 ''
1231 1831 1297 1902 375

163 2001 167 2008 .
238 1939 373 2004 Talibus
390 1938 510 2004 exarsit
526 1938 622 2004 dictis
638 1938 793 2005 violentia
809 1940 931 2006 Turni:

238 2045 308 2110 Dat
324 2045 495 2131 gemitum,
513 2044 702 2129 rumpitque
718 2046 777 2110 has
792 2045 858 2110 imo
873 2052 1004 2132 pectore
1019 2067 1131 2113 voces:

239 2149 380 2236 “Larga
396 2150 539 2236 quidem,
558 2151 698 2234 Drance,
716 2172 843 2236 semper
858 2151 921 2215 tibi
937 2151 1030 2237 copia
1045 2150 1137 2215 fandi

239 2253 261 2288 “
274 2255 376 2338 Tum,
393 2276 497 2340 quum
511 2256 598 2321 bella
613 2277 731 2321 manus
745 2263 897 2342 poscunt,
914 2255 1128 2342 patribusque
1145 2257 1268 2321 vocatis

239 2357 403 2426 “Primus
419 2361 517 2444 ades;
544 2362 600 2428 sed
615 2383 681 2426 non
696 2361 850 2446 replenda
865 2368 915 2426 est
932 2361 1021 2426 curia
1037 2360 1150 2445 verbis,
1220 2361 1300 2427 ,380

239 2463 369 2546 “Quae
386 2473 460 2532 tuto
475 2467 538 2532 tibi
551 2488 671 2552 magna
686 2467 809 2551 volant,
826 2467 908 2531 dum
925 2465 1062 2531 distinet
1078 2465 1208 2531 hostem

240 2569 386 2656 “Agger
400 2591 576 2655 murorum,
592 2593 651 2637 nec
668 2571 832 2637 inundant
848 2571 1005 2657 sanguine
1021 2571 1133 2638 fossae.

239 2673 261 2707 “
271 2675 410 2740 Proinde
422 2683 501 2741 tona
516 2675 643 2762 eloquio
653 2677 808 2742 -solitum
823 2676 884 2740 tibi
895 2715 909 2726 -
919 2687 1035 2760 meque
1051 2675 1175 2740 timoris
1252 2722 1255 2728 -

239 2778 381 2865 “Argue
397 2787 445 2864 tu,
464 2779 606 2864 Drance,
620 2781 750 2866 quando
765 2787 817 2846 tot
834 2780 953 2866 stragis
969 2801 1098 2844 acervos
1136 2789 1138 2794 '

240 2882 261 2917 “
275 2884 475 2949 Teucrorum
489 2891 550 2950 tua
567 2886 683 2951 dextra
698 2884 805 2968 dedit,
822 2885 1009 2970 passimque
1024 2883 1164 2970 tropaeis
1233 2886 1298 2952 385

240 2986 417 3074 “Insignis
434 3010 535 3074 agros.
582 2990 691 3055 Possit
705 2989 788 3074 quid
803 2989 912 3054 vivida
926 2989 1041 3072 virtus,

240 3093 261 3128 “
274 3095 452 3180 Experiere
467 3095 564 3178 licet;
587 3117 647 3160 nec
662 3096 757 3180 longe
775 3094 898 3160 scilicet
913 3094 1022 3160 hostes

240 3199 262 3232 “
276 3200 458 3282 Quaerendi
472 3201 564 3266 nobis
578 3220 587 3267 ε
612 3199 827 3265 circumstant
842 3198 988 3284 undique
1002 3220 1119 3264 muros.

240 3304 263 3338 “
275 3305 367 3370 Imus
382 3305 417 3370 in
432 3306 580 3370 adversos
592 3305 759 3386 l—Quid
774 3305 910 3370 cessas?
936 3325 979 3368 an
994 3303 1056 3368 tibi
1072 3303 1203 3369 Mavors

240 3410 260 3443 “
274 3409 420 3475 Ventosa
435 3411 470 3474 in
486 3411 600 3496 lingua
615 3409 817 3495 pedibusque
832 3409 1005 3495 fugacibus
1019 3408 1091 3473 istis
1236 3411 1301 3476 390

240 3515 260 3549 “
276 3516 409 3601 Semper
425 3516 515 3582 erit?
605 3533 631 3594 ¹,

241 3621 396 3686 “Pulsus
412 3643 470 3707 ego
484 3623 501 3688 Ρ
526 3628 587 3686 aut
603 3620 776 3705 quisquam
791 3619 917 3704 merito,
934 3619 1126 3704 foedissime,
1144 3620 1277 3704 pulsum

243 3725 265 3759 “
277 3725 417 3810 Arguat,
434 3725 535 3790 Iliaco
550 3725 717 3790 tumidum
732 3725 790 3810 qui
805 3745 944 3790 crescere
962 3723 1121 3809 Thybrim

240 3830 262 3864 ‘¹
277 3829 449 3915 Sanguine,
467 3838 501 3894 et
516 3829 663 3894 Evandri
679 3838 785 3895 totam
801 3852 877 3895 cum
893 3830 992 3915 stirpe
1008 3829 1133 3894 videbit

242 3935 262 3970 “
274 3935 487 4003 Procubuisse
503 3935 647 4018 domum,
665 3941 765 4020 atque
781 3942 897 4002 exutos
913 3933 1059 4000 Arcadas
1075 3935 1201 4006 armis?
1236 3938 1301 4003 395
