2898 4518
495 327 665 375 Annuluos
687 329 753 378 ms.
781 328 853 377 VIII.

142 488 481 557 “Laomedontiaden
498 488 680 573 Priamum,
700 488 866 555 Salamina
881 496 1062 574 petentem,

142 597 163 630 “
175 598 341 662 Protenus
358 595 518 660 Arcadiae
535 595 657 680 gelidos
673 594 808 660 invisere
823 595 912 660 fines.

143 701 166 734 “
179 702 268 766 Tum
284 700 367 764 mihi
382 699 489 785 prima
504 720 604 784 genas
620 698 763 764 vestibat
778 698 855 764 flore
867 699 1031 784 juventas,
1146 697 1211 763 160

142 807 164 839 “
179 806 388 888 Mirabarque
405 804 504 869 duces
522 802 673 887 Teucros,
691 803 833 868 mirabar
848 811 884 868 et
899 804 1010 890 ipsum

146 911 168 944 “
182 909 486 975 Laomedontiaden
498 929 506 991 ;
532 909 588 974 sed
604 909 732 974 cunctis
748 908 844 974 altior
858 908 928 974 ibat

143 1016 165 1048 ⁵‘
181 1013 351 1080 Anchises,
399 1012 484 1078 Mihi
498 1033 592 1078 mens
604 1011 752 1098 juvenali
768 1011 902 1077 ardebat
918 1034 1024 1077 amore

107 1125 111 1133 '
143 1119 166 1152 “
182 1118 389 1204 Compellare
404 1117 523 1200 virum,
540 1125 574 1182 et
589 1117 723 1182 dextrae
740 1116 932 1202 conjungere
948 1118 1107 1184 dextram.

144 1223 166 1256 “
180 1222 323 1304 Accessi,
341 1229 375 1286 et
392 1221 531 1307 cupidus
547 1221 672 1286 Phenei
687 1221 748 1287 sub
764 1220 892 1286 moenia
906 1220 995 1288 duxi.
1114 1301 1121 1314 ,
1146 1222 1210 1288 165

143 1328 165 1362 “
177 1329 240 1393 Ille
256 1326 340 1392 mihi
355 1327 516 1413 insignem
531 1327 717 1412 pharetram
734 1326 915 1411 Lyciasque
927 1327 1066 1412 sagittas

146 1432 364 1498 “Discedens
380 1431 650 1516 chlamydemque
666 1453 744 1495 auro
759 1431 851 1496 dedit
866 1431 1094 1515 intertextam,

145 1537 351 1620 “Frenaque
366 1535 457 1619 bina,
474 1556 567 1601 meus
582 1556 668 1620 quae
684 1557 770 1600 nunc
787 1535 898 1620 habet,
915 1557 1023 1620 aurea,
1042 1532 1162 1600 Pallas.

144 1642 268 1728 “Ergo
284 1648 330 1725 et,
347 1661 448 1726 quam
463 1641 588 1726 petitis,
601 1640 719 1726 juncta
734 1648 783 1706 est
799 1640 880 1706 mihi
894 1641 1019 1706 foedere
1035 1629 1162 1724 dextr'a,

144 1746 166 1778 “
179 1745 237 1830 Et,
255 1745 315 1809 lux
331 1765 435 1829 quum
451 1743 594 1828 primum
611 1743 704 1808 terris
716 1766 754 1808 se
770 1745 910 1812 crastina
925 1745 1050 1829 reddet,
1144 1741 1209 1811 170

144 1851 312 1916 “Auxilio
327 1851 429 1915 laetos
444 1849 622 1932 dimittam,
639 1849 819 1934 opibusque
831 1849 973 1934 juvabo„

143 1957 314 2021 “Interea
329 1978 419 2020 sacra
434 1955 524 2038 haec,
541 1955 671 2040 quando
686 1955 751 2020 huc
767 1955 903 2020 venistis
918 1953 1027 2037 amici,

144 2063 167 2094 “
181 2062 316 2146 Annua,
334 2063 417 2146 quae
433 2060 561 2126 differre
577 2059 676 2143 nefas,
695 2061 856 2126 celebrate
871 2060 1019 2124 faventes

144 2168 166 2200 “
180 2166 374 2249 Nobiscum,
392 2165 508 2250 etjam
523 2187 617 2230 nunc·
628 2165 787 2230 sociorum
803 2163 979 2230 assuescite
996 2163 1148 2228 mensis.''

142 2273 236 2338 Haeo
251 2271 310 2337 ubi
325 2271 424 2354 dicta,
441 2272 541 2356 dapes
553 2271 647 2356 jubet
664 2271 697 2336 eit
714 2271 845 2336 sublata
861 2269 972 2355 reponi
1140 2265 1206 2336 175

143 2377 279 2460 Pocula,
297 2376 527 2462 gramineoque
544 2377 626 2441 viros
640 2376 727 2441 locat
743 2375 812 2461 ipse
828 2375 930 2459 sedili,

142 2483 431 2568 Praecipuumque
447 2489 516 2548 toro
533 2490 567 2546 et
582 2481 688 2548 villosi
705 2482 788 2567 pelle
803 2481 904 2548 leonis

143 2588 279 2674 Accipit
296 2588 432 2653 Aenean
448 2588 591 2672 solioque
606 2587 727 2653 invitat
743 2609 868 2656 acerno.

142 2694 232 2759 'Ium
248 2693 327 2758 lecti
337 2693 472 2779 juvenes
488 2693 639 2759 certatim
655 2713 792 2778 araeque
808 2695 952 2760 sacerdos

144 2801 280 2866 Viscera
297 2808 384 2866 tosta
398 2800 509 2865 ferunt
525 2808 705 2884 taurorum,
722 2808 923 2886 onerantque
940 2801 1089 2868 canistris
1136 2802 1201 2866 180

142 2905 242 2969 Dona
256 2905 422 2969 laboratae
440 2903 577 2989 Gerenia·
592 2904 824 2990 Bacchumque
839 2905 1038 2972 ministrant.

142 3012 300 3078 Vescitur
314 3012 453 3095 Aeneas,
471 3011 569 3076 simul
585 3019 618 3077 et
637 3011 776 3097 Trojana
788 3009 957 3096 juventus,

141 3116 302 3202 Perpetui
310 3123 407 3202 tergo
422 3115 563 3202 bovislet
578 3116 769 3182 lustralibus
785 3115 880 3182 extis.

211 3221 393 3304 Postquam
409 3229 540 3285 exemta
554 3221 658 3286 fames
674 3227 707 3285 et
724 3243 814 3286 amor
829 3239 1030 3304 compressus
1046 3217 1173 3303 edendi,

142 3326 217 3390 Rex
232 3325 407 3389 Evandrus
423 3325 489 3391 ait:
516 3325 541 3358 “
554 3325 631 3391 Non
643 3326 721 3390 haec
739 3325 895 3390 solemnia
911 3324 1014 3408 nobis,
1140 3324 1205 3392 185

141 3431 164 3463 “
174 3430 246 3494 Has
263 3450 305 3494 ex
320 3451 407 3494 more
423 3431 533 3516 dapes,
550 3431 633 3496 hanc
649 3431 737 3496 tanti
752 3430 897 3495 numinis
913 3451 1002 3494 aram

141 3535 163 3567 “
176 3533 273 3600 Vana
289 3534 477 3618 superstitio
492 3543 702 3624 veterumque
719 3536 833 3620 ignara
848 3535 984 3599 deorum

141 3638 339 3724 “Imposuit
353 3659 362 3721 ;
387 3638 500 3722 saevis,
516 3639 633 3724 hospes
650 3639 799 3723 Trojene,
817 3638 946 3724 periclis

141 3743 162 3779 “
175 3744 307 3814 Servati
322 3743 473 3828 fecimus,
491 3743 686 3828 meritosque
702 3765 859 3809 novamus
875 3744 1017 3811 honores.

140 3849 161 3882 “
172 3851 196 3916 J
197 3873 251 3916 am
269 3847 415 3935 primum
432 3848 519 3914 saxis
535 3869 724 3933 suspensam
739 3849 823 3914 hanc
840 3849 970 3933 adspice
982 3868 1119 3934 rupem:
1139 3847 1205 3915 190

139 3954 159 3988 “
169 3953 340 4041 Disjectae
355 3952 468 4037 procul
483 3960 521 4016 ut
538 3953 649 4036 moles,
666 3951 856 4039 desertaque
873 3954 993 4019 montis

374 4051 410 4112 8*
