2898 4518
551 1041 591 1109 P.
621 1041 815 1110 VIRGILII
845 1041 1037 1112 ulturus

471 1248 1116 1344 AENRIDOS

613 1487 755 1552 LIBER
780 1487 974 1554 SEXTUS.

686 1697 900 1726 unua—am—

266 1853 319 1920 Sic
335 1851 425 1918 fatur
439 1851 623 1935 lacrimans,
640 1851 798 1935 classique
813 1851 968 1917 immittit
983 1852 1137 1938 habenas,

265 1957 312 2022 Et
327 1957 460 2022 tandem
475 1955 629 2022 Euboicis
646 1956 828 2023 Cumarum
844 1955 1000 2022 allabitur
1014 1957 1086 2025 oris.

267 2061 451 2127 Obvertunt
466 2062 581 2147 pelago
597 2081 706 2146 proras
720 2081 729 2142 ;
754 2070 828 2126 tum
843 2062 942 2127 dente
957 2062 1066 2130 tenaci

266 2166 395 2231 Ancora
410 2165 573 2232 fundabat
588 2187 697 2249 naves,
714 2173 748 2230 et
763 2165 860 2230 litora
875 2187 992 2232 curvae
1190 2151 1195 2161 ¹

267 2270 472 2335 Praetexunt
490 2291 628 2355 puppes.
675 2269 845 2335 Juvenum
861 2291 978 2336 manus
995 2271 1113 2338 emicat
1130 2272 1250 2338 ardens
1306 2275 1329 2339 5

266 2375 362 2440 Litus
377 2375 411 2439 in
427 2373 643 2460 Hesperium:
668 2375 795 2459 quaerit
811 2396 886 2460 pars
902 2375 1026 2440 semina
1040 2375 1192 2440 flammae

266 2480 429 2544 Abstrusa
444 2479 478 2544 in
494 2479 584 2545 venis
600 2479 719 2562 silicis;
744 2501 820 2564 pars
835 2480 936 2546 densa
950 2479 1091 2546 ferarum

227 2627 232 2637 -
267 2583 372 2648 Tecta
387 2583 484 2669 rapit,
502 2583 611 2667 silvas,
628 2583 827 2668 inventaque
843 2581 981 2648 flumina
997 2589 1167 2650 monstrat.

266 2690 315 2755 At
332 2690 407 2776 pius
422 2690 551 2756 Aeneas
566 2711 666 2774 aroes,
684 2691 802 2774 quibus
818 2690 907 2754 altus
923 2689 1044 2775 Apollo
1222 2679 1225 2688 ¹

267 2795 446 2879 Praesidet,
464 2795 704 2879 horrendaeque
721 2795 833 2880 procul
849 2802 974 2860 secreta
991 2795 1145 2880 Sibyllae,
1285 2799 1329 2862 10

265 2900 411 2964 Antrum
425 2899 579 2982 immane,
596 2899 693 2984 petit,
709 2919 864 2984 magnam
879 2898 934 2963 oui
949 2907 1096 2964 mentem
1112 2899 1328 2985 animumque

267 3003 383 3069 Delius
398 3002 537 3089 inspirat
553 3011 643 3068 vates
659 3001 831 3088 aperitque
846 3002 967 3068 futura.

265 3106 347 3171 Jam
363 3108 504 3172 subeunt
522 3106 650 3174 Triviae
665 3107 755 3172 lucos
770 3114 870 3191 atque
887 3128 986 3171 aurea
1002 3115 1101 3174 tecta.

334 3211 511 3296 Daedalus,
528 3218 567 3276 ut
583 3210 672 3276 fama
686 3219 746 3296 est,
762 3210 890 3296 fugiens
906 3210 1030 3276 Minoia
1045 3233 1154 3298 regna,

266 3317 481 3402 Praepetibus
497 3316 613 3402 pennis
628 3337 728 3382 ausus
744 3337 777 3380 se
794 3317 921 3382 credere
937 3316 1035 3401 coelo,
1214 3313 1216 3317 ’
1288 3321 1330 3384 15

266 3422 440 3487 Insuetum
455 3443 513 3509 per
527 3422 591 3488 iter
606 3421 729 3508 gidus
745 3421 855 3486 enavit
871 3422 914 3486 ad
929 3409 1057 3505 Arctos,

202 3593 207 3602 ,
268 3526 517 3612 Chalcidicaque
533 3527 613 3592 levis
628 3528 763 3592 tandem
780 3547 877 3610 super
892 3525 1023 3590 adstitit
1039 3548 1119 3591 aree.

217 3627 220 3633 ’
269 3633 431 3698 Redditus
447 3632 497 3698 his
513 3633 655 3718 primum
671 3632 773 3716 terris,
791 3631 863 3716 tibi,
882 3632 1022 3715 Phoebe,
1041 3631 1182 3698 sacravit

267 3738 457 3825 Remigium
472 3739 610 3821 alarum,
628 3737 802 3823 posuitque
817 3737 975 3818 immania
990 3738 1125 3823 templa.

267 3845 309 3911 In
324 3844 447 3910 foribus
462 3843 567 3908 letum
583 3842 775 3928 Androgeo;
801 3850 876 3908 tum
891 3843 1031 3928 pendere
1047 3864 1168 3928 poenas
1287 3844 1332 3908 20

260 3948 463 4034 Cecropidae
474 3946 727 4032 jussi-miserum
739 3952 900 4033 t·septena
915 3947 1093 4033 quotannis
