2898 4518
266 307 308 372 98
632 321 803 368 snunrnos
826 322 891 368 arn.
917 322 950 368 v.

332 483 395 548 Est
412 484 524 570 procul
539 482 573 548 in
590 483 704 568 pelago
721 501 837 548 saxum
853 481 1044 567 spumantia
1059 491 1172 550 contra

265 590 388 674 Litora,
406 591 492 674 quod
508 589 645 654 tumidis
660 588 864 654 submersum
881 587 1034 652 tunditur
1049 589 1125 654 olim

263 693 451 780 Fluctibus,
468 693 595 760 hiberni
611 693 757 760 condunt
773 692 831 758 ubi
846 693 951 758 sidera
969 693 1064 776 Cori;

267 799 455 885 Tranquillo
472 799 555 885 silet,
572 799 774 884 immotaque
791 799 957 864 attollitur
971 801 1061 866 unda

210 895 221 916 '
267 905 414 990 Campus
430 911 464 970 et
480 903 597 990 apricis
614 903 714 970 statio
729 903 914 988 gratissima
931 903 1069 989 mergis:

267 1009 331 1075 Hic
349 1009 482 1074 viridem
497 1008 626 1074 Aeneas
641 1008 807 1074 frondenti
822 1029 863 1073 ex
877 1007 950 1074 ilice
966 1017 1089 1073 metam

268 1113 449 1179 Constituit
466 1114 597 1200 signum
612 1113 723 1178 nautis
738 1120 844 1199 pater,
861 1115 949 1180 unde
965 1115 1081 1180 reverti

269 1220 396 1286 Scirent
412 1228 446 1284 et
461 1219 573 1306 longos
588 1219 647 1284 ubi
661 1218 914 1284 circumflectere
929 1240 1050 1286 cursus.

268 1325 356 1390 Tum
371 1326 443 1391 loca
458 1332 544 1391 sorte
558 1325 685 1410 legunt,
703 1323 830 1410 ipsique
846 1323 882 1388 in
896 1325 1062 1410 puppibus
1078 1346 1159 1390 auro

269 1431 429 1496 Ductores
443 1429 539 1513 longe
554 1427 712 1514 effulgent
728 1436 878 1513 ostroque
894 1429 1001 1494 decori
1014 1451 1023 1512 ;

270 1536 387 1602 Cetera
402 1535 543 1621 populea
559 1533 686 1598 velatur
700 1532 812 1600 fronde
823 1533 992 1618 juventus,

269 1641 483 1725 Nudatosque
498 1639 648 1704 humeros
664 1637 733 1703 oleo
749 1638 880 1724 perfusa
895 1639 1036 1705 nitescit.

270 1744 455 1811 Considunt
471 1743 630 1826 transtris,
647 1742 842 1826 intentaque
857 1743 990 1808 brachia
1007 1743 1125 1812 remis:

269 1849 396 1916 Intenti
411 1855 603 1934 exspectant
619 1847 761 1932 signum,
779 1847 1046 1932 exsultantiaque
1061 1848 1174 1913 haurit

270 1955 376 2020 Corda
391 1975 491 2039 pavor
505 1953 639 2038 pulsans
654 1952 856 2036 laudumque
872 1960 996 2018 arrecta
1011 1952 1138 2039 cupido

270 2059 362 2143 Inde,
378 2057 437 2124 ubi
452 2057 538 2122 clara
553 2056 644 2122 dedit
661 2057 804 2122 sonitum
819 2057 912 2139 tuba,
929 2058 1051 2123 finibus
1067 2080 1196 2124 omnes-

270 2163 373 2229 Haud
388 2161 667 2248 mora-prosiluere
684 2161 770 2228 suis:
794 2161 871 2226 ferit
886 2161 1018 2227 aethera
1035 2163 1158 2227 clamor
1269 2162 1332 2228 140

270 2267 442 2350 Nauticus,
460 2265 611 2330 adductis
627 2272 785 2350 spumant
800 2264 885 2330 freta
901 2287 992 2330 versa
1007 2265 1138 2331 lacertis
1152 2287 1162 2348 ;

270 2373 444 2437 Infindunt
460 2371 581 2456 pariter
596 2371 712 2454 sulcos,
731 2377 905 2456 totumque
921 2370 1062 2436 dehiscit

271 2477 472 2542 Convulsum
487 2474 584 2540 remis
601 2474 774 2558 rostrisque
790 2474 989 2540 tridentibus
1005 2496 1134 2560 aequor.

271 2581 346 2646 Non
363 2589 434 2645 tam
450 2578 644 2665 praecipites
660 2578 771 2664 bijugo
789 2579 967 2644 certamine
983 2601 1137 2665 campum

272 2685 458 2773 Corripuere
475 2691 639 2768 ruuntque
655 2682 750 2748 effusi
766 2705 891 2750 carcere
908 2706 1030 2768 currus,
1086 2765 1088 2768 1
1271 2685 1333 2752 145

271 2793 341 2858 Nec
358 2792 402 2858 sic
418 2789 570 2854 immissis
585 2787 717 2873 aurigae
732 2789 893 2854 undantia
908 2789 975 2854 lora

273 2897 468 2964 Concussere
479 2893 580 2979 jugis,
597 2893 752 2978 pronique
764 2893 800 2958 in
813 2893 944 2958 verbera
961 2895 1113 2978 pendent.

273 3001 361 3066 Tum
377 3000 496 3086 plausu
510 2997 710 3082 fremituque
725 2997 833 3062 virum
849 2997 1032 3082 studiisque
1047 2998 1224 3064 faventum

274 3106 438 3173 Consonat
454 3123 549 3169 omne
564 3123 691 3186 nemus,
708 3122 884 3187 vocemque
900 3100 1027 3168 inclusa
1043 3105 1199 3170 volutant

273 3210 396 3294 Litora,
410 3206 534 3295 pulsati
549 3206 646 3271 colles
661 3206 801 3271 clamore
816 3206 988 3272 resultant.
1272 3211 1333 3277 150

274 3315 403 3402 affugit
419 3319 497 3378 ante
513 3312 592 3378 alios
608 3311 786 3398 primisque
803 3311 943 3377 elabitur
957 3311 1055 3378 undis

274 3422 421 3486 Turbam
435 3419 520 3484 inter
534 3417 768 3502 fremitumque
784 3415 885 3503 Gyas,
902 3437 1003 3504 quem
1014 3415 1132 3484 deinde
1149 3415 1334 3485 Cloanthus

275 3523 502 3608 Consequitur,
520 3521 634 3586 melior
648 3521 755 3606 remis,
773 3522 831 3588 sed
845 3524 986 3608 pondere
1002 3525 1100 3610 pinus

275 3631 383 3694 Tarda
397 3635 499 3694 tenet.
547 3629 626 3694 Post
643 3629 701 3694 hos
717 3648 820 3713 aequo
836 3621 1021 3694 discrimine
1039 3630 1157 3698 Pristis

276 3736 522 3819 Centaurusque
537 3735 646 3800 locum
663 3734 806 3800 tendunt
822 3756 973 3820 superare
989 3737 1138 3823 priorem,
1272 3743 1333 3808 155

275 3842 321 3908 Et
338 3862 425 3906 nuno
442 3838 561 3904 Pristis
576 3839 687 3924 habet,
703 3861 790 3904 nunc
806 3839 1101 3928 victampraeterit
1116 3843 1232 3930 ingens

277 3947 471 4029 Centaurus,
488 3965 576 4008 nunc
591 3964 658 4008 una
673 3944 789 4010 ambae
802 3944 991 4033 junctisque
1006 3946 1157 4014 feruntur
