2944 4522
526 323 696 370 Asnnlnos
720 323 784 372 mn.
810 322 858 372 xl.

161 482 196 547 It
213 483 303 548 coelo
319 482 506 568 clamorque
522 482 630 547 virum
644 484 838 569 clangorque
853 483 1019 551 tubarum.

162 588 252 653 Hinc
268 588 326 652 alii
342 587 446 674 spolia
461 587 575 654 occisis
591 589 727 676 derepta
742 588 871 654 Latinis

164 692 355 778 Oonjiciunt
370 693 452 778 igni,
469 694 578 779 galeas
594 715 749 784 ensesque
765 696 906 778 decoros,

163 799 337 881 Frenaque
353 797 583 884 ferventesque
599 806 705 882 rotas;
730 822 805 885 pars
821 823 959 865 munera
974 808 1062 884 nota,
1164 803 1229 870 195

165 903 318 987 ipsorum
333 903 451 987 clipeos
468 910 501 968 et
513 926 579 968 non
594 904 701 970 felicia
717 906 792 971 tela.
883 917 886 924 ’

168 1009 276 1073 Multa
291 1009 392 1074 boum
408 1010 493 1075 circa
509 1018 698 1075 mactantur
712 1031 845 1096 corpora
862 1009 973 1094 Morti,

167 1113 390 1198 Setigerosque
407 1135 480 1179 sues
495 1121 670 1200 raptasque
688 1135 728 1178 ex
744 1113 895 1180 omnibus
911 1114 997 1200 agris

149 1218 206 1282 ⁴In
221 1219 390 1282 flammam
402 1217 558 1304 jugulant
574 1203 727 1305 pecudes.
776 1219 863 1282 Tum
878 1219 971 1284 litore
987 1226 1058 1285 toto

165 1321 329 1388 Ardentes
345 1332 496 1408 spectant
512 1323 623 1407 socios,
637 1325 858 1408 semiustaque
875 1332 1005 1389 servant
1161 1326 1228 1390 200

167 1427 282 1512 Busta,
299 1447 406 1512 neque
422 1429 520 1493 avelli
536 1437 683 1514 possunt,
701 1451 766 1493 nox
781 1429 918 1493 humida
933 1431 1034 1494 donec

166 1533 306 1598 Invertit
323 1535 450 1598 coelum
466 1534 570 1610 stellis
585 1534 774 1600 ardentibus
791 1543 917 1621 aptum.

165 1636 234 1701 Nec
252 1637 360 1702 minus
376 1644 411 1702 et
426 1637 536 1704 miseri
551 1639 676 1704 diversa
690 1639 724 1703 in
740 1649 832 1724 parte
848 1639 961 1705 Latini

164 1743 359 1808 Innumeras
374 1751 522 1808 struxere
540 1765 657 1829 pyras:
683 1752 716 1809 et
733 1767 864 1831 corpora
880 1745 1004 1831 partim

164 1848 277 1912 Multa
292 1847 400 1912 virum
416 1855 519 1912 terrae
534 1847 710 1932 infodiunt,
728 1860 904 1934 avectaque
920 1849 1042 1934 partim
1160 1849 1227 1916 205

164 1952 341 2018 Finitimos
356 1954 478 2018 tollunt
495 1954 530 2018 in
545 1975 638 2039 agros
653 1950 980 2038 urbique'remittunt
994 1975 1003 2036 ;

166 2058 293 2144 Cetera,
312 2060 526 2144 confusaeque
541 2061 709 2146 ingentem
726 2061 834 2125 caedis
849 2081 1012 2144 acervum,

164 2164 235 2229 Nec
251 2185 385 2230 numero
401 2186 459 2230 nec
475 2161 594 2230 honore
610 2173 774 2231 cremant:
799 2173 880 2230 tunc
896 2165 1042 2249 undique
1058 2165 1144 2229 vasti

166 2269 327 2336 Certatim
342 2271 460 2335 crebris
477 2271 638 2336 collucent
654 2270 784 2356 ignibus
800 2269 876 2356 agri.
937 2341 940 2346 ,

166 2374 279 2438 Tertia
295 2375 355 2439 lnx
370 2375 512 2460 gelidam
529 2377 617 2440 coelo
633 2377 814 2440 dimoverat
830 2375 1002 2440 umbram:
1161 2375 1227 2438 210

166 2479 353 2544 Maerentes
368 2481 475 2544 altum
493 2481 633 2545 cinerem
649 2489 683 2545 et
698 2481 833 2546 confusa
848 2481 990 2545 ruebant

165 2584 249 2650 Ossa
264 2584 354 2668 focis,
372 2585 546 2670 ‚tepidoque
562 2586 740 2650 onerabant
756 2605 871 2672 aggere
887 2592 1002 2652 terrae.

164 2689 188 2754 J
190 2711 244 2753 am
259 2711 332 2755 vero
348 2690 383 2754 in
399 2691 504 2774 tectis,
523 2691 712 2776 praedivitis
728 2691 807 2755 urbe
822 2689 946 2774 Latini,

61 2849 65 2854 .
166 2795 368 2880 Praecipuus
380 2789 486 2881 fragor
502 2805 535 2862 et
551 2797 640 2882 longi
655 2819 730 2882 pars
745 2797 889 2862 maxima
903 2797 1022 2864 luctus.

165 2901 228 2965 Hic
245 2908 368 2966 matres
383 2902 584 2987 miseraeque
599 2925 710 2984 nurus,
725 2902 777 2967 bic
794 2923 868 2967 cara
884 2923 1025 2968 sororum
1060 2883 1071 2968 ⁸.
1159 2903 1225 2968 215

165 3008 303 3072 Pectora
319 3016 525 3073 maerentum
541 3009 697 3094 puerique
713 3009 904 3094 parentibus
919 3009 988 3074 orbi

166 3111 285 3176 Dirum
302 3123 512 3178 exsecrantur
526 3113 651 3178 bellurn
669 3114 838 3199 Turnique
854 3115 1068 3198 hymenaeos3

165 3217 280 3302 Ipsum
297 3219 395 3284 armis
411 3218 585 3304 ipsumque
597 3218 714 3304 jubent
730 3219 899 3284 decernere
915 3219 1006 3301 ferro,

165 3325 229 3404 Qui
245 3346 381 3410 regnum
398 3325 515 3390 Italiae
531 3333 565 3390 et
581 3325 702 3410 primos
719 3325 780 3390 sibi
796 3332 909 3410 poscat
924 3323 1069 3388 honores,

163 3429 321 3514 ingravet
337 3431 417 3494 haec
434 3451 548 3495 saevus
565 3430 718 3514 Drances,
737 3429 905 3512 solumque
921 3427 1027 3492 vocari
1160 3427 1227 3492 220

164 3533 331 3619 Testatur,
350 3537 456 3601 solum
471 3537 560 3622 posci
574 3537 610 3601 in
626 3536 807 3601 certamina
825 3534 985 3600 Turnum.

164 3640 274 3704 Multa
289 3641 390 3706 simul
405 3649 518 3706 contra
533 3641 628 3706 variis
645 3640 810 3706 sententia
825 3639 923 3705 dictis

164 3747 229 3811 Pro
247 3747 369 3832 Turne,
387 3757 421 3812 et
437 3769 596 3834 magnum
612 3747 741 3833 reginae
757 3767 874 3810 nomen
890 3746 1084 3830 obumbrat;

164 3850 275 3916 Multa
290 3852 397 3916 virum
412 3851 538 3917 meritis
555 3858 722 3917 sustentat
737 3851 827 3915 fama
842 3851 992 3936 tropaeis.

232 3957 305 4022 Hos
319 3957 406 4021 inter
421 3965 541 4040 motus,
558 3957 665 4023 medio
681 3956 716 4022 in
731 3955 894 4044 flagrante
910 3957 1071 4042 tumultu,
1162 3958 1229 4026 225
