2944 4522
259 331 323 399 196
613 344 785 394 Annnlnos
807 345 873 393 ms.
897 343 945 393 rx.

256 507 333 574 Non
347 527 450 593 aequo
467 505 543 572 dare
559 525 593 571 se
609 526 734 592 campo,
750 526 815 569 non
828 503 1018 589 obviaferre
1082 545 1086 552 -

256 616 359 680 Arma
373 614 467 698 viros,
485 614 541 678 sed
557 618 665 678 castra
680 611 795 677 fovere.
841 609 918 675 Huc
934 608 1086 674 turbidus
1101 615 1201 694 atque
1216 607 1282 674 huc

256 719 393 784 Lustrat
408 739 492 801 equo
507 739 626 802 muros,
643 717 835 802 aditumque
850 735 908 800 per
923 715 996 779 avia
1011 714 1149 801 quaerit.

257 825 307 890 Ac
324 825 428 889 veluti
443 823 539 908 pleno
554 823 653 908 lupus
668 823 844 888 insidiatus
859 819 937 885 ovili

258 931 368 1011 Quum
382 929 491 995 fremit
507 931 550 995 ad
565 929 686 1013 caulas,
703 934 818 993 ventos
833 945 1004 1012 perpessus
1020 932 1055 990 et
1071 924 1200 1009 imbres,
1272 924 1317 990 60

258 1034 363 1099 Nocte
379 1055 476 1120 super
486 1034 595 1099 media
606 1054 613 1100 :
625 1072 639 1084 -
650 1033 718 1098 tuti
733 1033 794 1098 sub
809 1031 971 1096 matribus
987 1029 1065 1116 agni

258 1139 416 1203 Baletum
431 1147 601 1222 exercent3
625 1139 680 1204 ille
695 1159 788 1224 asper
803 1145 837 1202 et
852 1137 1020 1222 improbus
1035 1135 1082 1200 ira

258 1244 369 1310 Saevit
384 1243 420 1308 in
436 1245 605 1310 absentes:
631 1243 765 1308 collecta
779 1241 900 1328 fatigat
917 1241 1034 1307 edendi

258 1349 312 1415 Ex
325 1349 421 1434 longo
437 1349 552 1434 rabies,
569 1355 603 1413 et
619 1347 722 1414 siccae
738 1347 893 1434 sanguine
907 1347 1017 1411 fauces
1028 1365 1054 1413 τ·
1085 1363 1091 1378 ·

258 1453 358 1518 Haud
373 1452 468 1518 aliter
483 1453 610 1518 Rutulo
625 1474 733 1518 muros
749 1460 783 1518 et
798 1459 905 1518 castra
920 1451 1030 1516 tuenti
1273 1451 1317 1516 65

258 1558 436 1642 Ignescunt
451 1559 516 1623 irae
530 1579 539 1641 ;
563 1559 653 1624 duris
669 1559 758 1623 dolor
774 1558 899 1623 ossibus
914 1557 1018 1640 ardet,

259 1663 332 1743 Qua
346 1670 455 1728 tentet
471 1663 596 1728 ratione
612 1662 731 1747 aditus,
749 1671 784 1728 et
800 1684 883 1748 quae
898 1663 953 1727 via
968 1662 1094 1728 clausos

258 1767 417 1833 Excutiat
433 1767 575 1834 Teucros
591 1768 677 1833 vallo
693 1775 792 1853 etque
808 1767 956 1832 effundat
971 1767 1007 1832 in
1022 1787 1171 1850 aequum.

260 1871 414 1955 Classem,
431 1893 516 1956 quae
531 1872 629 1936 lateri
645 1879 827 1936 castrorum
843 1871 999 1956 adjuncta
1014 1871 1151 1955 latebat,

259 1975 441 2062 Aggeribus
458 1983 586 2061 septam
602 1975 725 2040 circum
741 1982 775 2040 et
790 1975 976 2040 fluvialibus
991 1973 1098 2057 undis,
1271 1970 1318 2040 70

238 2082 240 2086 ⁴
259 2081 402 2165 Invadit,
419 2081 582 2166 sociosque
597 2081 748 2146 incendia
762 2081 867 2166 poscit
884 2087 1029 2163 ovantes,

259 2186 372 2270 Atque
388 2208 523 2252 manum
539 2188 621 2272 pinu
635 2187 788 2272 flagranti
803 2185 946 2250 fervidus
960 2185 1086 2271 implet.

260 2291 349 2356 Tum
362 2314 437 2357 vero
452 2291 668 2359 incumbunt:
694 2299 788 2378 urget
804 2290 990 2378 praesentia
1008 2289 1113 2355 Turni
1127 2311 1135 2372 ;

259 2397 372 2482 Atque
387 2398 491 2462 omnis
505 2397 630 2462 facibus
646 2399 748 2483 pubes
764 2396 945 2481 accingitur
960 2395 1048 2462 atris.

260 2502 433 2588 Diripuere
448 2503 534 2568 socos
547 2523 556 2584 ;
583 2501 713 2588 piceum
728 2503 791 2568 fert
807 2502 935 2566 fumida
949 2502 1061 2566 lumen
1275 2496 1320 2566 75

261 2609 383 2692 Taeda,
401 2616 435 2673 et
451 2609 662 2674 commixtam
678 2609 848 2674 Vulcanus
864 2609 907 2674 ad
922 2615 1012 2673 astra
1025 2607 1181 2672 favillam.

328 2712 407 2792 Quis
423 2714 513 2796 deus,
531 2733 550 2777 ο
566 2712 690 2796 Musae,
707 2721 779 2778 tem
796 2723 890 2778 saeva
905 2711 1055 2777 incendia
1071 2710 1207 2776 Teucris

261 2817 422 2883 Avertit?
448 2824 559 2883 tantos
575 2817 701 2883 ratibus
718 2819 790 2904 quis
806 2819 933 2904 depulit
948 2817 1067 2904 ignes?

244 2982 248 2988 ,
262 2921 371 2986 Dicite
386 2927 393 2988 l
441 2921 553 2986 Prisca
567 2922 648 2987 fides
663 2923 763 3006 fact0,
782 2923 837 2987 sed
852 2923 940 2986 fama
955 2921 1114 3007 perennis.

263 3027 420 3112 Tempore
436 3047 500 3110 quo
517 3027 659 3111 primum
676 3027 819 3112 Phrygia
834 3027 996 3092 formabat
1011 3026 1047 3090 in
1062 3026 1124 3090 Ide
1275 3025 1321 3089 80

261 3134 391 3196 Aeneas
407 3131 543 3195 classem
557 3139 591 3196 et
607 3131 714 3216 pelagi
729 3138 839 3216 petere
855 3131 924 3195 alta
940 3131 1087 3216 parabat,

261 3236 339 3322 Ipsa
355 3236 454 3300 deum
468 3234 571 3299 fertur
585 3235 732 3321 genetrix
749 3236 945 3321 Berecyntia
960 3257 1119 3322 magnum
1176 3277 1179 3285 ·

261 3341 406 3406 Vocibus
421 3341 472 3406 his
488 3339 590 3405 affata
604 3340 743 3407 dorem:
770 3341 791 3374 “
805 3341 867 3425 Da,
885 3350 973 3425 nate,
990 3339 1126 3427 petenti,

264 3445 283 3479 “
296 3447 467 3526 Quod'tua
483 3468 557 3511 cara
573 3468 688 3532 parens
704 3446 827 3511 domito
842 3454 878 3511 te
894 3446 998 3532 poscit
1014 3445 1162 3532 Olympo.

263 3549 399 3613 “Pinea
415 3549 495 3614 silva
510 3549 602 3633 mihi,
619 3550 741 3614 multos
757 3549 876 3615 dilecta
892 3572 949 3635 per
964 3569 1083 3630 annos;
1276 3549 1321 3615 85

263 3652 404 3718 “Lucus
418 3652 454 3716 in
470 3675 541 3717 arce
556 3652 622 3717 fuit
639 3675 777 3738 summa,
795 3675 859 3738 quo
875 3675 967 3718 sacra
981 3653 1139 3736 ferebant,

262 3757 284 3790 “
296 3757 452 3842 Nigranti
467 3757 560 3842 picea
575 3757 786 3842 trabibusque
803 3759 957 3824 obscurus
972 3759 1115 3825 acernis:

263 3861 284 3894 “
294 3861 365 3926 Has
381 3883 440 3947 ego
457 3861 623 3926 Dardanio
635 3861 760 3946 juveni,
778 3883 882 3946 quum
898 3863 1010 3928 classis
1025 3868 1145 3948 egeret,

264 3965 284 3998 “
296 3965 401 4030 Laeta
416 3967 490 4032 dedi
503 3987 512 4048 ;
537 3987 624 4030 nunc
642 3966 815 4032 sollicitam
831 3969 930 4033 timor
944 3968 1063 4033 anxius
1078 3966 1180 4054 angit.
