2838 4522
388 1016 427 1082 P.
458 1014 652 1082 VIRGILII
682 1013 874 1082 Minurus

307 1179 955 1316 nunninae

453 1461 596 1527 LIBER
621 1459 811 1527 PRIMUS.

524 1677 738 1704 —040.-.—

94 1839 202 1904 Arma
217 1837 392 1922 virumque
408 1859 499 1922 eane,
518 1837 633 1923 Trojae
649 1837 707 1923 qui
723 1838 848 1923 primus
863 1839 905 1903 ab
922 1838 985 1904 orie

13 1972 15 1981 ·
95 1944 238 2009 Italiam
252 1941 325 2007 fato
340 1942 496 2028 profugus
512 1942 703 2028 Lavinaque
718 1943 809 2008 venit

7 2060 10 2066 ’
99 2049 227 2133 Litora,
244 2047 390 2132 multum
405 2047 459 2111 ille
475 2054 508 2112 et
525 2047 619 2112 terris
630 2046 777 2132 jactatus
793 2056 826 2112 et
842 2049 910 2112 alto

31 2213 34 2226 ,
96 2153 143 2218 Vi
159 2156 319 2238 superum
334 2172 448 2224 saevae
462 2131 638 2216 nemiuem
655 2149 679 2215 J
679 2151 797 2216 unonie
813 2151 854 2215 ob
870 2151 962 2235 iram,

99 2259 216 2324 Multa
233 2247 361 2342 quoque
377 2263 410 2320 et
426 2256 511 2321 bello
525 2277 650 2342 pasena,
669 2257 749 2320 dum
765 2256 917 2346 conderet
932 2256 1045 2322 urbem
1144 2263 1165 2325 ὁ

98 2364 309 2446 Inferretque
325 2362 401 2426 deos
417 2359 537 2428 Latio:
562 2383 665 2447 genus
680 2361 768 2426 unde
784 2343 944 2426 Latinum

99 2467 289 2553 Albanique
304 2474 414 2552 patrea
430 2474 531 2552 atque
548 2468 635 2531 altae
651 2466 779 2531 maenia
795 2466 927 2534 Rornae.

167 2575 279 2658 Musa,
296 2574 378 2639 mihi
393 2597 507 2640 caueae
523 2596 676 2670 mernere,
693 2596 758 2659 quo
774 2574 906 2643 numine
922 2576 1020 2660 laeso,

100 2682 232 2762 Quidve
247 2679 359 2745 dolens
374 2680 486 2766 regina
501 2681 600 2745 deum
617 2687 667 2744 tot
683 2679 808 2744 volvere
825 2702 918 2746 casus

100 2787 274 2874 Insignem
289 2785 413 2870 pietate
430 2785 547 2869 virum,
564 2793 615 2849 tot
631 2784 719 2850 adire
734 2785 858 2851 labores
1125 2787 1166 2850 10

100 2888 286 2977 Impulerit.
334 2889 502 2954 Tantaene
518 2889 635 2954 animis
651 2889 842 2954 coelestibus
857 2891 923 2955 irae
939 2893 955 2957 ?

170 2993 263 3061 Urbs
278 2983 416 3078 antiqua
430 2992 605 3078 fuit-Tyrii
621 3002 753 3058 tenuere
770 2994 898 3079 coloni,

6 3131 7 3140 ¹
102 3100 282 3184 CarthagO,
299 3097 435 3162 Italiam
451 3106 564 3164 contra
580 3098 797 3184 Tiberinaque
813 3099 907 3185 longe

103 3205 214 3288 Ostia,
231 3202 321 3268 dives
337 3223 435 3288 opum
452 3203 635 3288 studiisque
651 3204 830 3290 asperrima
844 3204 933 3288 belli,

103 3311 212 3393 Quam
230 3307 254 3374 J
256 3329 320 3374 uno
335 3308 438 3374 fertur
452 3309 545 3374 terrie
561 3309 664 3396 magis
679 3308 830 3375 omnibus
845 3329 946 3373 unam
1126 3311 1167 3374 15

102 3413 303 3480 Posthabita
317 3412 451 3478 coluisse
468 3411 588 3480 Samo:
612 3413 665 3478 hic
679 3413 767 3478 illiue
783 3434 883 3496 arma,

102 3520 170 3584 Hie
187 3539 302 3584 currus
316 3517 382 3582 fuit
396 3538 405 3599 ;
429 3517 490 3582 hoe
506 3539 641 3604 regnum
657 3519 717 3586 dea
733 3516 885 3604 gentibue
901 3539 978 3602 esee,

104 3623 141 3690 Si
157 3643 226 3708 qua
240 3619 311 3685 fata
327 3621 447 3704 sinant,
461 3620 532 3705 jam
547 3629 623 3685 tum
638 3620 812 3705 tenditque
827 3619 988 3706 fovetque.

104 3725 300 3813 Progeniem
316 3725 371 3790 sed
388 3725 476 3789 enim
492 3724 632 3810 Trojano
648 3747 668 3789 a
684 3724 841 3810 sanguine
856 3725 933 3791 duci

104 3831 282 3914 Audierat,
301 3829 415 3914 Tyrias
430 3829 509 3894 olim
524 3851 607 3915 quae
623 3837 764 3896 verteret
780 3851 890 3913 arcee3
1126 3831 1170 3894 20

106 3937 194 4001 Hinc
210 3933 371 4021 populum
387 3933 454 3998 late
470 3955 577 4019 regem
592 3933 740 4020 belloque
757 3936 933 4022 superbum

1251 2596 1275 2647 Ι
