2838 4522
382 327 385 334 ⁴
462 336 465 343 ’
491 363 661 410 1111111111
685 363 747 409 nra.
774 364 809 409 11.

22 609 25 614 ,
108 522 237 610 Insula,
254 523 344 588 dives
359 545 472 610 opum,
490 523 616 588 Priami
631 523 713 587 dum
730 545 828 609 regna
844 523 1033 606 manebant,

109 625 212 694 Nunc
229 635 365 719 tantum
381 628 472 693 sinus
488 635 521 692 et
537 627 636 693 statio
652 627 738 692 male
753 627 820 692 fida
837 627 974 694 carinis:

109 733 189 799 Huc
205 755 240 799 se
256 735 400 820 provecti
415 733 541 798 deserto
556 733 592 797 in
607 732 701 798 litore
717 731 870 798 condunt.

107 837 177 904 Nos
194 839 313 904 abiisse
330 837 396 904 rati
412 845 446 904 et
462 847 559 904 vento
574 838 707 930 petiisse
724 837 949 931 Mycenasy
1133 838 1176 904 25

109 943 201 1030 Ergo
218 937 322 1024 omnis
337 945 435 1030 longo
452 943 547 1009 solvit
564 964 598 1008 se
608 931 865 1054 {Teucriajluctu
876 934 895 1024 ζ’

106 1049 310 1113 Panduntur
325 1057 461 1134 portae:
482 1046 578 1133 juvat
594 1035 641 1112 ire
658 1031 699 1112 et¹
709 1046 829 1112 Dorica
839 1033 953 1112 'castra

108 1154 332 1239 Desertosque
348 1153 455 1218 videre
469 1153 555 1239 locos
569 1152 715 1238 litusque
731 1132 891 1218 relictum.

106 1259 175 1351 Hic
196 1259 361 1345 Dolopum
378 1275 504 1342 manus,
518 1257 571 1322 hic
589 1278 704 1323 saevus
719 1257 881 1322 tendebat
898 1255 1044 1322 Achilles
1059 1277 1069 1339 3

110 1363 283 1430 Classibus
298 1363 351 1428 hic
366 1363 468 1447 locus,
484 1363 536 1428 hic
553 1363 621 1428 acie
637 1370 759 1428 certare
775 1361 933 1430 solebant.
1130 1362 1174 1426 30

106 1470 193 1534 Pars
209 1477 321 1554 stupet
336 1469 497 1554 innuptae
513 1471 636 1534 donum
653 1443 785 1534 exitiale
802 1467 978 1553 Minervae,

106 1571 154 1638 Et
172 1573 294 1664 molem
309 1573 472 1638 mirantur
487 1572 571 1658 equi.
619 1571 814 1658 Primusque
831 1572 1030 1658 Thymoetes

8 1677 11 1682 ’
108 1678 199 1742 Duci
214 1679 303 1742 intra
318 1699 427 1743 muros
442 1680 596 1743 hortatur
611 1685 645 1742 et
661 1699 733 1743 arce
748 1677 857 1763 locari,

109 1782 187 1848 Sive
203 1782 288 1866 dolo,
306 1803 364 1846 seu
375 1781 445 1868 jam
462 1781 579 1866 Trojae
596 1781 641 1846 sio
658 1781 729 1846 fata
743 1781 900 1847 ferebant.

104 1886 157 1950 At
176 1885 297 1971 Capys,
315 1895 348 1951 et
365 1907 501 1970 quorum
518 1887 633 1950 melior
649 1886 811 1952 sententia
825 1877 941 1970 menti,
1127 1886 1170 1954 35

105 1991 182 2056 Aut
198 1993 314 2077 pelago
331 1991 485 2056 Danaum
500 1991 635 2058 insidias
651 1999 867 2077 suspectaque
883 1991 968 2056 dona

105 2095 331 2182 Praecipitare
345 2095 464 2182 jubent
480 2095 700 2181 subjectisque
716 2117 807 2160 urere
823 2095 975 2178 flammis,

104 2202 180 2266 Aut
196 2201 357 2268 terebrare
375 2223 470 2268 cavas
486 2203 573 2266 uteri
589 2210 623 2266 et
640 2209 767 2266 tentare
783 2201 934 2266 latebras.

106 2307 278 2374 Scinditur
292 2307 456 2372 incertum
473 2307 583 2386 studia
597 2307 633 2371 in
649 2303 809 2372 contraria
825 2305 952 2390 vulgus.

105 2411 241 2476 Primus
256 2412 302 2477 ibi
319 2419 396 2476 ante
413 2433 533 2498 omnes,
551 2434 671 2498 magna
688 2411 864 2477 comitante
880 2417 1022 2495 caterva,
1082 2498 1085 2506 Ι
1125 2407 1170 2476 40

102 2514 255 2585 Laocoon
271 2516 386 2580 ardeus
403 2537 532 2580 summa
547 2515 689 2580 decurrit
705 2515 747 2580 ab
763 2535 845 2599 arce,

103 2619 152 2684 Et
169 2621 303 2705 procul:
330 2619 391 2687 “0
408 2621 526 2704 miseri,
545 2642 628 2705 quae
645 2629 741 2685 tanta
756 2621 893 2706 insania,
911 2621 1030 2687 cives?

102 2723 125 2756 “
141 2723 285 2790 Creditis
301 2733 431 2790 avectos
446 2726 564 2812 hostes,
582 2733 641 2790 aut
658 2725 727 2790 ulla
743 2726 870 2812 putatis

99 2828 122 2862 “
137 2819 235 2894 Dona
250 2817 358 2894 carere
374 2829 455 2895 dolis
472 2830 628 2894 Danaum
644 2833 660 2895 Ρ
686 2831 731 2894 sic
747 2838 845 2896 notus
863 2831 981 2896 Ulixes
998 2833 1014 2896 Ρ

99 2933 210 2998 “Aut
225 2933 285 2999 hoc
300 2934 418 3000 inclusi
432 2934 522 3020 ligno
538 2937 745 3000 occultantur
761 2936 894 3020 Achivi,
1122 2918 1170 3003 45'

99 3037 211 3103 “Aut
228 3039 307 3104 haec
324 3039 358 3104 in
374 3047 500 3104 nostros
516 3039 674 3108 fabricata
691 3047 741 3105 est
758 3040 910 3106 machina
926 3062 1049 3122 muros,

100 3143 122 3176 “
137 3143 334 3228 Inspectura
349 3145 461 3208 domos
477 3152 680 3228 venturaque
696 3145 833 3230 desuper
847 3143 938 3227 urbis

100 3247 122 3279 “
134 3246 208 3310 Aut
224 3247 342 3330 aliquis
354 3247 437 3311 latet
452 3267 543 3314 error.
590 3246 685 3332 Equo
701 3269 741 3312 ne
757 3247 887 3332 credite,
906 3246 1035 3313 Teucri.

100 3351 122 3384 “
137 3350 306 3436 Quidquid
321 3351 428 3436 idest,
446 3351 546 3416 timeo
564 3352 695 3418 Danaos
711 3361 745 3417 et
761 3353 845 3417 dona
858 3352 1029 3419 ferentes.’'

100 3456 154 3522 Sic
169 3455 274 3540 fatus,
291 3455 407 3520 validis
422 3455 590 3541 ingentem
605 3457 728 3521 viribus
744 3455 875 3520 hastam
1123 3461 1165 3524 50

17 3617 25 3626 .
98 3561 140 3624 In
156 3561 246 3625 latus
261 3561 362 3645 inque
377 3561 436 3624 feri
452 3581 586 3625 curvam
602 3560 814 3646 compagibus
830 3546 941 3626 alvum

99 3664 278 3730 Gontorsit.
329 3663 432 3730 Stetit
447 3665 505 3728 illa
520 3672 673 3749 tremens,
691 3672 849 3750 uteroque
865 3687 992 3732 recusso

99 3769 277 3834 Insonuere
294 3789 391 3833 cavae
406 3769 633 3854 gemitumque
648 3770 764 3834 dedere
781 3759 959 3853 cauernae3

97 3873 155 3959 Et,
174 3874 202 3940 si
217 3873 291 3938 fata
307 3873 417 3956 deum,
439 3872 466 3938 si
481 3894 572 3938 mens
588 3895 653 3938 non
669 3874 762 3939 laeva
776 3874 902 3958 diisset,

98 3978 286 4064 Impulerat
301 3975 385 4041 ferro
402 3976 571 4062 Argolicas
585 3977 714 4043 foedare
729 3979 881 4062 latebras,
1119 3981 1162 4046 55
1265 4032 1268 4039 .
