2898 4518
255 289 319 356 156
613 307 784 354 nunnrnos
809 307 873 353 rra.
899 307 958 354 vn.

254 465 276 500 “
289 466 377 532 Fata
394 466 565 552 Phrygum
579 472 586 534 Ι
612 487 693 531 num
710 465 812 552 Sigeis
827 467 1015 532 occumbere
1031 466 1164 552 eampis,
1183 463 1188 472 '

255 571 382 637 “Num
397 573 487 658 capti
502 580 636 658 potuere
652 572 752 657 capi?
778 593 858 636 num
874 571 1005 636 incensa
1021 571 1179 637 cremavit
1248 573 1313 640 295

254 677 275 710 “
289 677 385 764 Troja
401 677 511 744 viros?
560 677 685 743 Medias
701 677 786 742 acies
801 675 989 761 mediosque
1006 697 1064 762 per
1078 677 1168 763 ignes

253 783 445 848 “Invenere
460 783 557 849 viam.
603 782 663 866 At,
680 783 785 866 credo,
801 802 875 846 mea
891 781 1028 846 numina
1044 782 1187 846 tandem¹

252 887 272 920 “
285 887 388 952 Fessa
398 887 521 972 jacent,
538 887 620 952 odiis
636 896 695 952 aut
711 893 900 952 exsaturata
916 886 1080 971 quievi.-

252 994 275 1028 “
290 995 377 1075 Quin
392 993 495 1059 etiam
511 994 617 1079 patria
632 1014 783 1058 excussos
798 992 919 1057 infesta
934 1013 992 1077 per
1006 993 1111 1058 undas

252 1097 272 1130 “
284 1099 377 1163 Ausa
395 1099 498 1183 sequi,
516 1105 550 1162 et
566 1097 711 1182 profugis
726 1104 797 1162 toto
813 1118 864 1160 me
880 1117 1041 1182 opponere
1057 1102 1165 1182 ponto.
1246 1097 1310 1160 300

251 1202 273 1234 “
285 1201 472 1269 Absumtae
487 1203 523 1268 in
539 1203 679 1268 Teucros
694 1202 776 1268 vires
792 1201 936 1286 coelique
953 1201 1122 1286 marisque.

188 1375 190 1382 ,
252 1306 377 1388 “Quid
394 1308 505 1393 Syrtes
520 1316 579 1372 aut
597 1308 706 1392 Scylla
722 1306 814 1389 mihi,
832 1307 912 1391 quid
928 1313 1021 1372 vasta
1038 1307 1221 1392 Charybdis

251 1412 272 1445 “
286 1412 447 1480 Profuit?
495 1413 620 1499 Optato
635 1413 821 1478 conduntur
837 1411 1013 1498 Thybridis
1029 1413 1129 1496 alvea

250 1517 398 1584 “Securi
413 1518 521 1604 pelagi
536 1525 637 1604 etque
652 1519 725 1585 mei
774 1518 861 1583 Mars
876 1519 1006 1604 perdere
1021 1525 1154 1604 gentem

250 1624 270 1656 “
283 1624 468 1688 Immanem
484 1625 664 1710 Lapithum
680 1624 805 1706 valuit;
829 1624 987 1689 concessit
1002 1625 1036 1688 in
1051 1623 1115 1689 iras
1243 1626 1308 1692 305

249 1727 271 1762 “
284 1729 361 1815 Ipse
377 1730 476 1794 deum
492 1729 663 1814 antiquam
679 1728 805 1814 genitor
822 1727 989 1813 Calydona
1006 1728 1152 1794 Dianae:
1195 1725 1307 1812 [temP

250 1833 377 1915 “Quod
394 1835 497 1900 scelus
513 1842 571 1899 aut
587 1834 748 1919 Lapithas
764 1845 906 1918 tanturn,
924 1842 983 1898 aut
1001 1830 1167 1918 Calydona
1182 1856 1309 1900 meren-

249 1937 345 2003 “Ast
361 1960 431 2024 ego,
448 1960 567 2024 magna
583 1938 606 2003 J
609 1938 676 2003 ovis
693 1937 823 2022 conjux,
841 1938 888 2002 nil
903 1938 1049 2022 linquere
1064 1938 1221 2004 inausum

249 2040 270 2073 “
285 2043 377 2123 Quae
392 2042 486 2128 potui
502 2042 626 2126 infelix,
645 2063 728 2127 quae
744 2051 866 2108 memet
882 2042 917 2106 in
933 2043 1042 2108 omnia
1056 2043 1149 2128 verti,
1242 2045 1308 2110 309

250 2145 450 2212 “Vincorab
458 2143 590 2214 Aenea!
610 2148 702 2228 Quod
711 2147 818 2212 simea
825 2147 1031 2212 numinanon
1039 2156 1116 2213 sunt
1127 2145 1307 2233 [quamest.

246 2250 268 2283 “
282 2251 404 2337 Magna
431 2255 518 2334 satis,
544 2252 693 2317 dubitem
704 2252 793 2316 haud
803 2252 955 2336 equidem
965 2252 1136 2340 implorare
1148 2253 1238 2337 quod
1249 2273 1306 2317 us-

246 2355 267 2388 “
278 2357 429 2422 Flectere
445 2357 472 2421 si
487 2378 611 2442 nequeo
636 2355 788 2439 Superos,
812 2357 1001 2422 Acheronta
1017 2359 1161 2423 movebo.
1242 2359 1308 2421 312

246 2458 267 2491 “
281 2459 357 2525 Non
369 2461 503 2526 dabitur
517 2460 633 2546 regnis,
650 2469 730 2544 estc,
747 2461 915 2546 prohibere
931 2461 1072 2545 Latinis,

245 2563 266 2596 “
281 2565 393 2651 Atque
410 2566 548 2631 immota
564 2572 677 2631 manet
692 2567 769 2632 tatis
785 2565 923 2631 Lavinia
938 2567 1059 2652 conjux
1072 2588 1082 2649 ;

246 2667 329 2735 “At
345 2670 471 2736 trahere
487 2679 587 2756 atque
603 2693 708 2736 moras
725 2671 826 2736 tantis
842 2672 918 2736 licet
934 2673 1051 2738 addere
1066 2672 1174 2756 rebus,
1232 2667 1305 2737 '315

246 2773 330 2840 “At
345 2775 423 2840 licet
439 2777 608 2840 amborum
623 2777 759 2861 populos
776 2776 960 2841 exscindere
975 2798 1098 2862 regum.

228 2877 265 2966 ·“
278 2878 351 2944 Hac
367 2901 468 2965 gener
482 2887 581 2964 atque
598 2901 686 2944 socer
701 2886 820 2950 coeant
835 2881 981 2945 mercede
997 2901 1138 2946 suorum.

244 2981 265 3014 ‘⁴
280 2983 444 3068 Sanguine
462 2983 600 3068 Trojano
615 2992 649 3048 et
666 2983 792 3048 Rutulo
807 2984 972 3068 dotabere‚
988 2983 1087 3070 virgo,

242 3087 263 3120 “
277 3087 323 3152 Et
340 3088 475 3153 Bellona
490 3095 602 3152 manet
619 3096 652 3153 te
668 3089 824 3174 pronuba.
872 3088 941 3153 Neo
956 3089 1028 3154 face
1045 3095 1181 3154 tantum

242 3194 261 3224 “
278 3193 397 3259 Cisseis
413 3215 593 3279 praegnans
608 3193 699 3279 ignes
715 3193 812 3258 enixa
823 3193 950 3278 jugales
965 3214 974 3276 3
1240 3195 1306 3259 320

241 3300 261 3331 “
275 3299 362 3378 Quin
376 3298 463 3363 idem
480 3297 599 3363 Veneri
614 3305 730 3383 partus
746 3319 823 3363 suus
840 3307 874 3362 et
891 3298 984 3363 Paris
999 3299 1093 3383 alter,

240 3403 260 3434 “
273 3403 504 3488 Funestaeque
521 3403 644 3470 iterum
658 3403 799 3468 recidiva
813 3403 849 3467 in
866 3403 1026 3489 Pergama
1042 3404 1167 3470 taedae.
1182 3405 1189 3423 ⁸

239 3509 329 3572 Haeo
345 3509 403 3573 ubi
426 3510 514 3574 dicta
535 3508 637 3590 dedit,
660 3517 760 3574 terras
775 3509 933 3574 horrenda
948 3508 1078 3594 petivit.

238 3612 435 3678 Luctificam
447 3615 578 3679 Allecto
593 3614 738 3680 dirarum
754 3614 796 3679 ab
812 3616 886 3679 sede
902 3615 1036 3680 dearum

238 3717 440 3802 Infernisque
456 3719 522 3782 ciet
537 3718 689 3802 tenebris,
707 3719 761 3782 cui
776 3717 887 3784 tristia
902 3719 989 3783 bella
1240 3720 1305 3786 325

237 3821 373 3906 Iraeque
390 3821 589 3906 insidiaeque
605 3832 639 3887 et
655 3823 790 3888 crimina
806 3823 904 3888 noxia
919 3822 1015 3888 cordi.

239 3924 321 3990 Odit
337 3935 370 3990 et
387 3926 457 4012 ipse
472 3934 566 4012 pater
583 3927 717 4010 Pluton,
734 3927 827 3992 odere
843 3949 964 3994 sorores
