2838 4522
469 321 639 368 Anumnos
663 321 730 369 LIB.
754 321 801 368 IV.

116 481 329 565 ‘Alloquere,
346 487 379 546 et
393 482 513 546 celeres
528 481 618 546 defer
628 503 702 546 mea
717 481 808 546 dicta
824 501 882 565 per
897 501 1002 546 auras.

104 588 126 620 “
139 588 219 652 Non
233 587 328 650 illum
343 586 437 652 nobis
448 586 597 672 genetrix
611 585 831 671 pulcherrima
845 585 948 650 talem

105 690 128 724 “
142 690 309 774 Promisit,
327 689 528 772 Graiumque
544 689 615 754 ideo
631 689 681 754 bis
697 689 841 754 vindicat
857 689 954 754 armis
968 709 977 770 ;

105 796 129 828 “
144 796 210 862 Sed
225 795 303 878 fore,
321 795 378 880 qui
393 793 561 880 gravidam
577 793 720 879 imperiis
735 793 884 877 belloque
900 794 1093 859 frementem

107 901 278 965 “Italiam
293 907 427 986 regeret,
444 921 545 985 genus
561 899 627 962 alto
643 920 663 962 a
679 899 835 984 sanguine
853 899 970 964 Teucri
1104 900 1169 962 230

107 1005 128 1038 “
143 1006 311 1088 Proderet,
328 1027 366 1070 ac
382 1013 491 1070 totum
507 1005 567 1069 sub
583 1003 668 1089 leges
684 1004 830 1068 mitteret
846 1005 963 1070 orbem.

107 1111 130 1143 “
145 1111 182 1176 si
197 1110 289 1174 nulla
304 1109 452 1174 accendit
464 1116 635 1173 tantarum
650 1108 752 1192 gloria
767 1129 887 1190 rerum,

108 1216 129 1248 “
143 1215 214 1303 Nec
232 1236 327 1300 super
341 1214 410 1299 ipse
426 1235 485 1278 sua
499 1213 634 1278 molitur
648 1213 745 1278 laude
761 1213 904 1278 laborem
916 1234 925 1295 ;

109 1319 330 1385 “Ascanione
345 1327 439 1404 pater
454 1319 617 1384 Romanas
632 1318 757 1384 invidet
773 1320 889 1384 arces?

110 1425 234 1506 “Quid
251 1424 359 1508 struit,
376 1431 435 1489 aut
452 1445 518 1509 qua
534 1445 591 1510 spe
606 1423 739 1488 inimica
753 1423 789 1488 in
804 1433 901 1509 gente
916 1433 1072 1508 moratur,
1104 1426 1170 1490 235

110 1531 132 1563 “
146 1531 217 1594 Neo
234 1530 359 1615 prolem
374 1529 555 1596 Ausoniam
570 1537 604 1594 11
620 1529 757 1594 Lavinia
773 1529 903 1615 respicit
919 1532 1026 1596 arva?

111 1636 132 1668 “
143 1635 307 1721 Naviget!
356 1635 447 1701 Haeo
465 1657 593 1702 summa
609 1643 679 1718 est;
704 1636 757 1700 hic
773 1637 874 1702 nostri
889 1637 1027 1702 nuntius
1043 1638 1145 1702 est0.'’

111 1743 250 1808 Dixerat
263 1764 271 1825 ;
296 1743 353 1807 ille
367 1743 469 1828 patris
484 1743 596 1828 magni
611 1764 721 1828 parere
737 1743 876 1828 parabat

111 1847 266 1933 Imperio,
283 1854 316 1912 et
331 1847 474 1932 primum
489 1847 627 1933 pedibus
644 1847 760 1910 talaria
776 1847 881 1910 nectit

111 1951 232 2034 Aurea,
249 1972 333 2036 quae
350 1951 523 2015 sublimem
538 1951 608 2033 alis,
622 1950 688 2016 sive
705 1971 843 2034 aequora
860 1972 969 2035 snpra,
1105 1949 1171 2015 240

113 2057 178 2123 Seu
194 2063 324 2140 terram,
342 2056 454 2140 rapido
469 2055 592 2140 pariter
607 2078 682 2120 oum
697 2056 830 2120 flamine
846 2065 991 2141 portant.

112 2161 202 2226 Tum
217 2161 344 2246 virgam
359 2161 526 2246 capit-hae
543 2161 669 2226 animas
684 2161 739 2225 ille
756 2169 869 2226 evocat
886 2161 967 2228 Orco

112 2265 290 2348 Pallentes,
306 2264 387 2330 alias
403 2265 464 2329 sub
481 2265 620 2330 Tartara
636 2265 746 2330 tristia
762 2265 882 2348 mittit,

113 2369 183 2434 Dat
200 2391 327 2434 somnos
342 2368 534 2454 adimitque,
552 2378 585 2434 ct
601 2369 726 2434 lumina
741 2377 845 2434 morte
861 2369 1027 2456 resignat.

112 2474 177 2539 Illa
192 2473 296 2538 fretus
311 2475 380 2558 agit
396 2481 519 2558 ventos,
537 2481 570 2538 et
586 2474 719 2539 turbida
735 2482 846 2544 tranat
1106 2475 1171 2543 245

112 2577 246 2643 Nubila.
292 2577 437 2662 Jamque
452 2579 564 2642 volans
579 2577 706 2663 apicem
721 2586 755 2642 11
770 2579 875 2644 latera
891 2580 993 2644 ardua
1009 2580 1112 2644 cernit

112 2683 262 2748 Atlantis
278 2681 360 2766 duri,
378 2683 507 2747 coelum
523 2683 580 2766 qui
597 2683 716 2746 vertice
732 2683 838 2767 fulcit,

112 2789 273 2872 Atlantis,
290 2788 435 2853 cinctum
451 2788 579 2853 assidue
595 2788 648 2852 cui
663 2779 805 2854 n'ubibus
820 2789 901 2854 atris

112 2894 295 2960 Piniferum
310 2901 411 2978 caput
427 2899 461 2956 et
476 2899 575 2957 vento
590 2893 741 2978 pulsatur
756 2900 789 2957 ct
806 2893 912 2978 imbri,

112 3002 183 3068 Nix
198 3000 350 3065 humeros
365 2999 474 3064 infusa
490 2999 595 3084 tegit:
620 3007 695 3064 tum
709 2999 845 3064 flumina
863 3008 973 3066 mento
1107 3003 1174 3068 250

113 3105 341 3191 Praecipitant
358 3103 452 3187 senis,
470 3111 504 3168 et
516 3103 618 3190 glacie
634 3103 716 3189 riget
731 3103 859 3168 horrida
874 3106 982 3170 barba.

113 3212 180 3276 Hic
196 3211 339 3296 primum
354 3209 487 3294 paribus
502 3208 610 3273 nitens
628 3207 794 3292 Cyllenius
809 3207 870 3274 alis

67 3331 70 3336 '
113 3315 275 3383 Constitit
289 3334 298 3396 ;
321 3313 397 3378 hinc
413 3319 483 3378 toto
499 3333 653 3398 praeceps
668 3334 701 3377 se
717 3333 847 3398 corpore
863 3313 906 3378 ad
920 3314 1027 3378 undas

114 3421 225 3503 Misit,
242 3419 296 3484 avi
311 3419 436 3503 similis,
450 3439 537 3503 ¹quae
553 3419 674 3483 circum
689 3419 796 3502 litora,
814 3418 937 3484 circum

114 3528 263 3592 Piscoscs
279 3524 426 3610 scopulos
437 3523 569 3589 humilis
584 3524 674 3588 volat
691 3543 831 3607 aequora
842 3523 855 3608 j
907 3532 950 3592 ta.
1109 3529 1174 3593 255

115 3631 218 3696 Haud
235 3629 332 3694 aliter
347 3636 451 3693 terras
466 3628 553 3693 inter
567 3627 759 3712 coelumque
774 3627 907 3694 volabat

115 3733 211 3800 Litus
227 3753 398 3798 arenosum
416 3733 458 3798 ad
474 3731 608 3816 Libyae,
624 3736 803 3815 ventosque
821 3734 953 3800 secabat

117 3841 269 3906 Materno
285 3837 419 3902 veniens
435 3839 477 3903 ab
493 3859 552 3902 avo
570 3835 717 3920 Cyllenia
733 3838 847 3923 proles.

116 3946 165 4014 Ut
182 3945 331 4033 primum
346 3943 442 4008 alatis
458 3943 569 4030 tetigit
585 3941 728 4028 magalia
744 3944 878 4030 plantis,
