2898 4518
518 362 691 410 nnumnos
711 364 777 412 nm.
801 363 851 412 1v.
1165 343 1211 416 87

139 519 161 553 “
174 519 309 586 Cuncta
323 520 385 586 viri
399 529 616 587 monumenta
627 521 735 608 juvat,
753 530 979 609 monstratque
995 523 1173 591 sacerdos.”

138 624 236 690 Haec
253 625 352 690 effata
367 626 453 710 silet,
470 627 574 712 pallor
590 627 689 694 simul
704 635 844 714 occupat
860 651 924 696 ora.

138 728 220 794 Non
235 737 347 794 tamen
362 729 463 796 Anna
477 731 569 797 novis
584 739 771 818 praetexere
785 731 900 798 funera
915 732 1015 798 sacris
1142 735 1208 802 500

139 833 345 902 Germanum
361 835 477 920 eredit,
494 857 552 901 nec
568 843 680 903 tanton
694 844 805 902 mente
820 837 940 903 furores

140 936 307 1024 Concipit,
325 947 385 1004 aut
400 939 546 1026 graviora
562 941 669 1027 timet,
686 963 787 1028 quam
799 951 908 1008 morte
925 942 1071 1029 Sychaei.

138 1043 231 1130 Ergo
243 1044 335 1130 jussa
349 1053 455 1130 parat.

139 1148 193 1213 At
209 1149 334 1235 regina,
350 1171 430 1236 pyra
444 1145 606 1236 penetrali
620 1151 656 1216 in
671 1153 745 1218 sede
762 1153 824 1219 sub
839 1175 936 1218 auras
988 1175 993 1188 ·

83 1245 90 1251 ³
139 1255 265 1320 Erecta
280 1255 407 1342 ingenti
423 1256 528 1322 taedis
544 1264 644 1343 atquc
659 1257 733 1323 ilice
750 1265 849 1343 scota,
1141 1262 1206 1327 505

140 1358 359 1444 Intenditquc
376 1360 486 1425 locum
502 1361 596 1426 sertis
612 1369 646 1426 et
660 1361 774 1427 fronde
790 1369 922 1428 coronat

140 1462 315 1546 Funerea3
340 1485 439 1550 super
454 1465 588 1544 exuvias
603 1487 779 1551 ensemque
795 1467 948 1533 relictum

140 1567 363 1653 Effigiemque
378 1576 449 1633 toro
464 1569 562 1653 locat,
579 1569 668 1635 haud
682 1570 795 1656 ignara
810 1571 923 1638 futuri.

142 1673 243 1739 Stant
259 1695 333 1738 arae
348 1673 481 1756 circum,
498 1683 532 1740 et
549 1674 651 1740 crines
666 1675 770 1740 effusa
785 1679 930 1744 sacerdos

142 1777 360 1841 Tercentum
375 1785 470 1842 tonat
485 1799 538 1842 ore
554 1779 640 1863 deos,
657 1778 867 1863 Erebumque
885 1780 1056 1866 Chaosque
1139 1783 1205 1849 510

142 1881 440 1968 Tergeminamque
457 1881 617 1967 Hecaten,
634 1883 699 1948 tria
713 1884 847 1971 virginis
863 1907 917 1950 ora
933 1885 1069 1952 Dianae.

143 1989 315 2073 Sparserat
331 1995 365 2052 et
380 1987 494 2053 latices
510 1989 680 2054 simulatos
694 1989 794 2055 fontis
810 1989 958 2072 Averni;

140 2093 298 2158 Falcibus
314 2101 348 2158 et
363 2114 486 2158 messae
501 2095 545 2158 ad
559 2094 675 2158 lunam
691 2101 896 2178 quaeruntur
911 2093 1004 2158 aenis

141 2199 311 2264 Pubentes
321 2198 439 2264 herbae
454 2197 540 2284 nigri
555 2220 633 2264 cum
647 2198 734 2264 lacto
749 2197 867 2262 veneni
879 2217 889 2280 ;

144 2303 322 2384 Quaeritur
337 2312 370 2368 et
386 2303 550 2368 nascentis
566 2303 642 2388 equi
657 2305 697 2368 de
712 2303 819 2368 fronte
835 2303 981 2368 revulsus
1138 2304 1205 2370 515

140 2408 188 2474 Et
204 2409 305 2473 matri
320 2416 511 2494 praereptus
526 2429 623 2474 amor.

140 2514 221 2598 Ipsa
236 2514 322 2578 mola
337 2513 553 2598 manibusque
569 2513 631 2598 piis
646 2513 762 2578 altaria
773 2513 883 2599 juxta,

142 2618 260 2684 Unum
276 2625 376 2683 exuta
391 2619 509 2703 pedem
525 2617 648 2702 vinclis,
665 2617 701 2683 in
716 2626 805 2684 veste
821 2618 973 2702 recincta,

141 2724 300 2788 Testatur
314 2723 476 2788 moritura
491 2724 566 2789 deos
582 2730 616 2788 et
632 2723 758 2789 conscia
773 2724 834 2788 fati

20 2863 21 2866 ¹
141 2830 279 2909 Sidera3
303 2835 388 2913 tum,
405 2828 433 2893 si
448 2829 536 2914 quod
551 2850 616 2893 non
632 2849 736 2914 aequo
750 2829 874 2894 foedere
890 2835 1040 2894 amantes
1138 2829 1205 2895 520

141 2935 249 3002 Curae
264 2953 387 2997 numen
401 2932 502 2997 habet
513 2931 709 3018 justumque
724 2955 920 3018 memorque,
937 2939 1098 3020 precatur.

139 3040 220 3106 Nox
236 3046 315 3123 erat,
333 3045 367 3102 et
382 3037 550 3122 placidum
566 3039 744 3125 carpebant
759 3040 843 3104 fessa
859 3061 1004 3125 soporem

140 3144 284 3228 Corpora
299 3162 359 3228 per
372 3148 486 3224 terrac,
503 3141 666 3226 silvaeque
682 3150 716 3208 et
733 3165 829 3208 saeva
845 3143 996 3227 quierant

139 3248 304 3332 Aequora,
320 3267 425 3331 quum
440 3246 546 3311 medio
562 3247 739 3312 volvuntur
754 3248 858 3314 sidera
873 3248 979 3332 lapsu,

140 3353 255 3433 Quum
269 3358 359 3415 tacet
375 3349 481 3415 omnis
496 3371 594 3436 ager3
618 3352 759 3436 pecudes
775 3351 947 3436 pictaeque
963 3351 1120 3436 volucres,
1138 3354 1204 3420 525

140 3457 299 3540 Quaeque
314 3455 405 3520 lacus
420 3456 488 3520 late
502 3455 652 3542 liquidos,
669 3478 817 3542 quaeque
833 3479 947 3542 aspera
962 3458 1071 3524 dumis

140 3563 232 3627 Rura
247 3567 375 3644 tenent,
393 3580 503 3626 somno
519 3560 644 3645 positae
660 3561 721 3626 sub
736 3567 832 3626 nocte
848 3561 969 3646 silenti,

142 3664 324 3750 [Lenibant
341 3684 435 3728 curas
451 3671 485 3728 et
501 3665 598 3730 corda
613 3665 715 3729 oblita
730 3665 902 3753 laborum]

139 3770 188 3836 At
205 3791 272 3834 non
285 3767 401 3834 infelix
416 3768 517 3833 animi
533 3768 721 3854 Phoenissa,
738 3791 797 3834 nec
813 3791 973 3856 umquam
1092 3852 1096 3860 Ι

140 3874 288 3942 Solvitur
302 3873 338 3937 in
353 3893 492 3957 somnos,
508 3873 651 3938 oculisve
667 3881 726 3940 aut
742 3882 869 3960 pectore
885 3884 1016 3942 noctem
1138 3879 1205 3944 530

139 3979 275 4065 Accipit
290 3999 298 4045 :
322 3978 530 4064 ingeminant
545 3999 652 4064 curae,
669 3999 843 4068 rursusque
858 4001 1026 4066 resurgens
