2898 4518
479 327 651 374 1111111103
674 327 739 374 nra.
765 327 811 374 vr.
1118 307 1186 371 133

115 487 189 554 Hos
201 489 302 574 juxta
315 488 397 554 falso
412 487 564 554 damnati
579 487 712 552 crimine
728 486 851 553 mortis.
1120 483 1188 550 430

115 595 190 660 Nec
206 616 281 660 vero
296 595 357 660 hae
373 594 441 659 sine
458 601 542 659 sorte
558 594 666 677 datae,
683 593 751 658 sine
763 591 886 677 judice,
903 593 1014 658 sedes:

118 701 296 782 Quaesitor
312 700 419 765 Minos
435 722 553 764 urnam
569 707 678 764 movet
692 719 701 782 ;
724 699 780 763 ille
805 699 964 764 silentum

119 807 371 891 Conciliumque
387 813 493 890 vocat,
511 805 658 890 vitasque
675 813 708 869 et
725 805 863 870 crimina
879 805 985 871 discit.

127 961 130 968 1
191 909 346 976 Proxima
361 910 478 976 deinde
494 917 607 974 tenent
623 911 742 976 maesti
757 910 836 993 loca,
854 910 911 994 qui
928 909 989 974 sibi
1004 899 1109 974 letum

123 1018 277 1082 insontes
293 1036 443 1101 peperere
459 1037 570 1099 manu,
587 1017 761 1100 lucemque
777 1015 882 1101 perosi
1120 1013 1187 1081 435

122 1121 290 1206 Projecere
306 1121 441 1188 animas.
490 1122 597 1202 Quam
613 1123 735 1186 vellent
751 1123 882 1188 aethere
898 1121 934 1186 in
948 1122 1017 1188 alto

121 1225 224 1290 Nunc
241 1234 275 1290 et
291 1226 482 1312 pauperiem
498 1235 531 1290 01
548 1227 643 1291 duros
660 1226 799 1310 perferre
815 1227 939 1291 labores
955 1230 964 1294 l

122 1332 192 1396 Eas
208 1332 329 1415 obstat,
346 1331 497 1417 tristique
513 1332 608 1417 palus
624 1332 809 1396 inamabilis
826 1333 915 1397 unda

123 1436 265 1521 Alligat,
283 1443 317 1500 et
332 1435 441 1501 novies
458 1436 543 1520 Styx
556 1435 716 1500 interfusa
732 1443 866 1503 coercet.

192 1541 225 1604 N
228 1563 263 1605 ec
275 1541 390 1626 procul
400 1541 475 1606 hinc
488 1548 617 1626 partem
627 1541 694 1606 fusi
705 1549 930 1606 monstrantur
938 1542 973 1606 in
984 1563 1113 1606 omnem
1123 1541 1188 1606 440

124 1647 293 1732 Lugentes
309 1646 440 1732 campi:
466 1647 511 1711 sic
527 1646 598 1711 illos
614 1645 743 1711 nomine
759 1647 883 1714 dicunt.

126 1751 203 1836 Hic,
221 1772 302 1836 quos
317 1752 418 1816 durus
434 1773 524 1816 amor
539 1751 662 1816 crudeli
677 1751 753 1816 tabe
769 1749 906 1837 peredit,

127 1857 254 1924 Secreti
269 1857 378 1922 celant
394 1857 502 1941 calles,
520 1866 553 1921 et
569 1864 696 1941 myrtea
711 1857 834 1922 circum

127 1963 219 2029 Silva
235 1963 337 2049 tegit:
363 1984 459 2027 curae
475 1984 542 2027 non
557 1963 629 2048 ipsa
644 1963 680 2027 in
697 1972 800 2028 morte
817 1963 1016 2047 relinquunt,
1123 1961 1190 2027 444

127 2068 193 2133 Η13
209 2068 393 2134 Phaedram
410 2067 620 2152 Procrimque
636 2068 715 2132 locis
731 2075 957 2152 maestamque
973 2067 1164 2152 Eriphylen,

127 2173 278 2240 Crudelis
293 2173 365 2238 nati
379 2180 619 2237 monstrantem
634 2173 779 2256 vulnera,
798 2173 911 2255 cernit,
1125 2172 1189 2238 446

127 2278 352 2361 Evadnenque
368 2285 402 2341 et
418 2275 607 2361 Pasiphaen
622 2297 631 2358 3
657 2275 706 2340 his
721 2275 902 2340 Laodamia

127 2384 164 2448 It
181 2404 297 2467 comes,
315 2390 348 2447 et
360 2382 488 2468 juvenis
504 2385 679 2468 quondam,
697 2404 785 2476 nunc
800 2381 931 2468 femina,
950 2383 1108 2469 Caeneus,

128 2489 254 2553 Rursus
271 2496 304 2554 et
320 2488 355 2552 in
371 2496 514 2554 veterem
528 2488 598 2554 1310
613 2489 761 2554 revoluta
776 2489 922 2575 figuram.

129 2594 224 2659 Inter
238 2616 320 2678 quas
336 2594 514 2660 Phoenissa
530 2616 640 2660 recens
655 2617 675 2659 a
690 2595 823 2660 vulnere
841 2595 927 2661 Dido
1121 2595 1189 2662 450

128 2699 270 2764 Errabat
287 2699 366 2764 silva
381 2700 416 2764 in
431 2720 572 2785 magna:
598 2722 699 2784 quam
716 2700 832 2765 Troius
847 2701 939 2766 heros

131 2803 181 2869 Ut
196 2805 340 2889 primum
353 2804 452 2890 juxta
469 2805 563 2869 stetit
579 2805 777 2890 agnovitque
793 2828 850 2891 per
864 2808 1015 2872 umbram

130 2910 323 2994 Obscuram,
341 2911 473 2994 qualem
488 2910 593 2995 primo
609 2911 667 2995 qui
683 2932 809 2997 surgere
826 2934 934 2978 mense

130 3017 203 3081 Aut
218 3017 310 3081 videt
325 3024 384 3081 aut
400 3017 518 3082 vidisse
535 3023 634 3101 putat
651 3039 710 3102 per
725 3017 838 3082 nubila
852 3019 967 3084 lunam
981 3038 990 3100 ;

131 3121 276 3187 Demisit
291 3123 452 3207 lacrimas,
469 3123 622 3208 dulcique
639 3120 760 3188 affatus
776 3145 884 3189 amore
900 3132 968 3189 est:
1127 3121 1192 3190 455

133 3229 153 3262 “
167 3229 289 3294 lnfelix
305 3227 402 3312 Dido,
420 3251 515 3294 verus
530 3227 613 3292 mihi
628 3227 765 3294 nuntius
782 3250 856 3314 ergo

132 3335 311 3399 “Venerat
328 3335 527 3400 exstinctam
541 3334 685 3418 ferroque
702 3341 850 3398 extrema
867 3338 1043 3398 secutam?

131 3443 151 3474 ‘⁸
165 3441 306 3506 Funeris
321 3440 386 3504 heu
402 3440 465 3505 tibi
480 3461 578 3504 causa
593 3439 668 3506 fui?
718 3439 782 3504 Per
798 3438 902 3504 sidera
913 3438 998 3523 juro,

131 3546 230 3610 “Per
246 3566 389 3630 superos,
406 3552 439 3609 et
455 3544 482 3610 si
498 3565 563 3629 qua
578 3545 658 3609 fides
675 3543 790 3608 tellure
807 3543 868 3608 sub
884 3543 951 3606 ima
966 3549 1027 3630 est,

131 3651 152 3684 “
166 3629 309 3734 invitus,
327 3648 447 3735 regina,
464 3656 523 3714 tuo
539 3650 578 3714 de
595 3649 689 3713 litore
706 3647 788 3712 cessi
798 3668 807 3730 ;
1129 3647 1195 3714 460

131 3757 152 3789 “
167 3757 232 3823 Sed
247 3777 300 3819 me
313 3754 405 3840 jussa
420 3755 531 3838 dedm,
548 3775 631 3839 quae
647 3775 735 3818 nunc
752 3752 812 3818 has
828 3753 873 3818 ire
890 3774 947 3839 per
962 3755 1105 3838 umbras,

132 3862 152 3897 “
166 3863 233 3928 Per
246 3847 320 3927 loca
336 3868 428 3926 senta
444 3860 512 3925 situ
527 3867 648 3946 cogunt
663 3867 859 3945 noctemque
876 3860 1087 3946 profundam,

131 3966 320 4056 “Imperiis
336 3986 426 4051 egere
443 3966 520 4050 suis,
537 3987 595 4031 nec
612 3967 738 4032 credere
755 3967 846 4050 quivi
