2898 4518
483 335 655 384 nuuumos
680 337 746 384 LIB.
771 338 804 386 V.

121 495 228 576 Quem
243 494 330 580 petit
346 502 379 560 et
396 495 534 561 summis
549 496 692 562 annixus
707 497 828 563 viribus
845 505 973 586 urguet.

121 601 210 666 Tum
225 623 302 694 vero
317 602 499 688 ingeminat
517 603 646 688 elamor,
664 604 841 690 cunctique
854 613 1045 690 sequentem

121 706 291 793 Instigant
307 708 435 794 studiis,
454 717 648 795 resonatque
664 711 844 797 fragoribus
860 711 979 778 aether.

122 812 168 877 Hi
184 814 353 899 proprium
367 816 468 880 decus
483 823 517 880 et
533 824 667 902 parturn
683 817 900 902 indignantur
914 819 1069 884 honorem

122 917 166 982 Ni
182 926 332 1002 teneant,
349 919 518 1005 vitamque
534 921 650 986 volunt
665 943 724 1006 pro
740 922 838 988 laude
854 922 996 1008 pacisoi;
1122 921 1189 986 230

122 1021 193 1087 Hos
210 1043 379 1088 successus
395 1023 478 1090 alit:
503 1033 650 1109 possunt,
668 1026 747 1111 quia
762 1047 855 1112 posse
870 1026 1031 1093 videntur.

105 1125 109 1134 ’
122 1129 167 1194 Et
183 1129 253 1194 fors
268 1129 418 1214 aequatis
433 1130 596 1215 cepissent
612 1131 758 1216 praemia
773 1129 894 1217 rostris,

122 1235 167 1300 Ni
182 1235 315 1322 palmas
329 1243 432 1321 ponto
447 1237 584 1302 tendens
600 1245 756 1323 utrasque
773 1237 958 1304 Cloanthus

122 1339 344 1425 Fudissetque
360 1360 481 1427 preces,
498 1341 653 1425 divosque
668 1341 703 1406 in
719 1350 796 1406 vota
812 1349 965 1408 vocasset.

124 1444 144 1476 “
158 1445 215 1528 Di,
233 1444 353 1530 quibus
368 1445 545 1532 imperium
560 1454 611 1511 est
627 1446 744 1532 pelagi,
761 1467 901 1532 quorum
916 1467 1056 1531 aequora
1071 1457 1177 1530 curro,

124 1551 264 1618 “Vobis
279 1552 388 1617 laetus
405 1573 464 1638 ego
479 1553 539 1618 hoc
556 1554 752 1618 candentem
767 1553 802 1618 in
817 1553 912 1620 litore
927 1561 1062 1618 taurum
1123 1555 1188 1619 236

125 1657 145 1690 “
160 1657 374 1725 constituam
388 1665 466 1724 ante
482 1680 564 1744 aras,
581 1659 650 1724 voti
663 1679 746 1743 reus,
763 1666 906 1746 extaque
923 1659 1024 1724 salsos

125 1763 146 1795 “
160 1763 341 1829 Porriciam
355 1763 390 1827 in
405 1763 528 1830 fluctus
543 1772 578 1830 et
595 1763 671 1829 vina
686 1763 848 1850 liquentia
863 1763 1022 1831 fundam!
1036 1765 1055 1793 ’'

125 1868 236 1952 Dixit,
254 1889 393 1954 eumque
410 1869 485 1935 imis
502 1871 562 1936 sub
577 1869 735 1936 fluctibus
750 1870 858 1936 audiit
874 1869 978 1935 omnis

110 1973 310 2040 ¹Nereidum
325 1974 508 2061 Phorcique
524 1975 640 2041 chorus
656 1974 877 2061 Panopeaque
892 1973 993 2059 virgo,
1122 1972 1190 2036 240

124 2081 172 2146 Et
190 2088 287 2167 pater
301 2080 370 2167 ipse
385 2101 488 2146 manu
503 2103 624 2168 magna
639 2081 808 2146 Portunus
824 2086 960 2144 euntem

124 2187 287 2273 Impulit:
312 2186 370 2251 ille
385 2185 474 2252 Noto
490 2186 588 2252 citius
604 2185 792 2271 volucrique
809 2185 933 2271 sagitta

125 2293 182 2358 Ad
199 2299 319 2357 terram
334 2292 431 2380 fugit,
445 2301 479 2357 et
494 2300 592 2378 portu
608 2314 641 2358 se
657 2290 804 2357 condidit
820 2290 898 2355 alto.

127 2398 218 2462 'Pum
235 2404 326 2463 satus
341 2397 498 2484 Anchisa,
516 2396 645 2463 cunetis
662 2418 703 2461 ex
718 2416 805 2462 more
821 2393 956 2478 voeatis,

127 2503 297 2569 Victorem
312 2525 432 2590 magna
447 2503 613 2597 praeconis
629 2523 709 2568 voce
723 2500 925 2568 Cloanthum
1126 2495 1192 2564 245

128 2609 297 2694 Declarat,
314 2609 474 2696 viridique
490 2609 621 2675 advelat
638 2615 790 2694 tempora
805 2607 907 2690 lauro,

127 2716 332 2800 Muneraque
347 2715 382 2780 in
397 2737 497 2781 naves
512 2723 621 2781 ternos
636 2722 748 2800 optare
760 2713 917 2799 juvencos

127 2821 293 2905 Vinaque,
310 2827 344 2885 et
360 2821 489 2906 argenti
504 2842 663 2907 magnum
678 2821 737 2887 dat
752 2821 834 2884 ferre
849 2819 1023 2888 talentum,

127 2926 216 3013 Ipsis
232 2927 421 3013 praecipuos
436 2928 626 2993 ductoribus
642 2927 735 2992 addit
751 2927 908 2992 honores:

127 3032 259 3098 Victori
275 3033 479 3118 chlamydem
503 3040 663 3114 auratam,
689 3053 789 3118 quam
805 3029 947 3117 plurima
963 3027 1088 3092 circum
1126 3025 1194 3092 250

128 3137 282 3223 Purpura
298 3137 474 3204 Maeandro
490 3139 614 3224 duplici
630 3138 792 3204 Meliboea
808 3132 955 3200 cucurrit
969 3149 978 3214 3

128 3245 352 3330 intextusque
369 3265 449 3332 puer
463 3246 613 3310 frondosa
630 3244 736 3331 regius
752 3243 814 3309 Ida

129 3351 267 3415 Veloces
278 3350 390 3435 jaculo
407 3373 514 3416 cervos
530 3371 690 3436 cursuque
705 3348 837 3435 fatigat,

128 3457 224 3541 Acer,
242 3456 412 3526 anhelanti
428 3457 552 3542 similis,
570 3479 668 3543 quem
684 3475 819 3542 praepes
835 3453 877 3518 ab
895 3451 957 3515 Ida

130 3562 314 3628 Sublimem
329 3562 467 3648 pedibus
484 3563 596 3648 rapuit
611 3562 706 3628 Jovis
722 3560 861 3646 armiger
875 3555 969 3621 uncis
983 3575 992 3638 3
1129 3553 1195 3620 255

128 3669 298 3755 Longaevi
313 3669 441 3755 palmas
456 3669 680 3755 nequidquam
696 3669 738 3733 ad
755 3666 859 3732 sidera
874 3661 1017 3728 tendunt

130 3775 305 3856 Custodes,
324 3776 493 3861 saevitque
510 3796 629 3841 canum
645 3775 787 3839 latratus
801 3771 836 3836 in
853 3791 957 3836 auras.

129 3880 176 3947 At
193 3881 252 3968 qui
267 3880 385 3946 deinde
400 3881 510 3947 locum
526 3882 634 3946 tenuit
649 3879 772 3946 virtute
788 3877 980 3957 secundum,

129 3985 275 4056 Levibus
291 3984 368 4050 huie
383 3985 490 4051 hamis
506 3991 689 4051 consertam
704 4003 848 4070 auroque
864 3979 1005 4046 trilicem
