2944 4522
521 340 692 390 assumas
714 342 780 392 LIB.
805 344 839 392 X.

168 501 192 537 “
202 501 302 568 Juvit
318 507 352 566 et
367 499 537 585 Argolicos
552 501 698 566 medium
711 501 831 587 fugisse
847 523 904 587 per
918 501 1020 588 ignes,

169 605 336 691 “Totque
351 605 448 670 maris
467 612 643 690 vastaeque
659 606 819 672 exhausta
835 607 980 692 pericula
995 615 1111 691 terrae,

168 709 297 775 “Dum
313 709 449 774 Latium
465 708 582 774 Teucri
597 710 799 795 recidivaque
816 711 975 796 Pergama
989 713 1182 797 quaerunt-i

170 814 191 847 “
206 814 283 879 Non
298 813 413 896 satius,
431 812 553 878 cineres
568 812 692 897 patriae
707 813 862 879 insedisse
878 836 1046 900 supremos

171 918 192 951 ‘⁶
206 918 319 1002 Atque
335 917 452 1002 solum,
466 937 531 1001 quo
543 915 638 1001 Troja
650 916 742 984 fuit?
768 917 945 982 Xanthum
957 926 991 984 et
1005 919 1175 986 simoenta
1188 921 1231 985 60

171 1023 192 1056 “
208 1023 332 1106 Redde,
349 1043 413 1106 oro,
430 1020 567 1106 miseris,
583 1021 768 1107 iterumque
783 1022 944 1086 revolvere
961 1044 1055 1090 casus

171 1127 191 1159 “
208 1128 272 1212 Da,
289 1134 394 1213 pater,
411 1125 528 1192 Iliacos
546 1125 710 1194 'Peuoris''
757 1126 846 1192 'l'um
861 1127 948 1213 regia
962 1127 1064 1213 Jun0‚

170 1231 259 1297 Aeta
269 1232 374 1296 furore
389 1230 500 1314 gravi:
527 1231 651 1314 “Quid
666 1253 718 1298 me
734 1233 804 1298 alta
818 1232 950 1298 silentia
965 1233 1052 1320 cogis

169 1336 192 1370 “
205 1336 371 1424 Rumpere
388 1348 422 1404 et
437 1339 618 1405 obductum
632 1337 739 1403 verbis
754 1337 887 1424 vulgare
902 1337 1073 1404 dolorem?

169 1440 190 1473 “
204 1441 342 1509 Aenean
356 1441 526 1508 hominurn
542 1440 717 1527 quisquam
731 1440 909 1527 divumque
925 1442 1053 1528 subegit
1188 1444 1230 1510 65

172 1551 192 1582 “
208 1551 301 1615 Bella
318 1547 420 1634 sequi,
437 1555 496 1612 aut
511 1547 640 1612 hostem
655 1545 723 1632 regi
737 1567 771 1612 se
786 1546 901 1612 inferre
917 1547 1037 1613 Latino
1051 1549 1114 1614 Ρ-

171 1654 193 1688 “
208 1655 341 1719 Italiam
356 1652 454 1738 petiit
469 1651 546 1716 fatis
561 1650 767 1718 auctoribus:
792 1659 863 1718 esto
877 1673 886 1734 ;

171 1758 191 1791 “
205 1758 406 1825 Cassandrae
421 1756 582 1842 impulsus
597 1754 689 1820 furiis
702 1776 709 1821 :
734 1776 815 1820 num
829 1756 975 1842 linquere
991 1764 1097 1822 castra

173 1862 194 1896 “
209 1863 345 1928 Hortati
360 1882 482 1945 sumus,
499 1867 559 1926 aut
574 1859 678 1925 vitam
694 1860 897 1928 committere
912 1861 1050 1927 ventis?

173 1967 300 2032 “Num
314 1988 415 2053 puero
431 1987 594 2032 summam
609 1964 697 2050 belli,
714 1988 796 2030 num
812 1967 938 2031 eredere
953 1986 1072 2049 muros,
1186 1961 1230 2031 70

173 2072 477 2157 “Tyrrhenamque
492 2070 593 2136 fidem
608 2076 668 2135 aut
684 2077 798 2156 gentes
814 2069 940 2156 agitare
956 2070 1084 2154 quietas
1100 2071 1116 2136 Ρ

170 2176 284 2260 “Quis
300 2179 380 2244 deus
395 2178 431 2242 in
445 2176 603 2260 fraudem,
621 2196 703 2261 quae
719 2176 801 2240 dura
816 2175 965 2261 potentia
980 2174 1084 2240 nostri

172 2283 194 2316 “
208 2284 314 2369 Egit?
334 2269 398 2349 'ubi
413 2283 466 2348 hio
482 2281 571 2347 Juno
587 2281 765 2347 demissave
781 2280 925 2346 nubibus
940 2280 1074 2347 Iris?—

168 2387 382 2474 “Indignum
397 2395 458 2471 est,
471 2386 573 2451 Italos
590 2384 722 2470 Trojam
736 2385 936 2450 circumdare
951 2385 1092 2451 flammis

168 2492 190 2525 “
203 2486 413 2576 Nascentem,
431 2499 465 2556 et
482 2490 589 2576 patria
604 2490 755 2556 Turnum
770 2491 943 2556 consistere
959 2499 1055 2576 terra,
1184 2487 1228 2559 75

169 2597 192 2630 “
206 2597 270 2664 Oui
286 2597 460 2662 Pilumnus
475 2617 566 2680 avus,
583 2595 639 2660 oui
653 2595 729 2660 diva
746 2595 877 2661 Venilia
892 2606 1020 2664 mater:

170 2701 191 2735 “
205 2702 303 2787 Quid,
319 2701 391 2766 face
408 2699 565 2786 Trojanos
581 2707 654 2766 atra
669 2699 737 2764 vim
753 2700 835 2766 ferre
850 2701 990 2786 Latinis,

169 2806 290 2872 “Arva
305 2806 410 2871 aliena
422 2805 502 2892 jugo
517 2826 660 2891 premere
676 2812 776 2889 atque
792 2813 934 2872 avertere
949 2808 1112 2892 praedas?

169 2910 192 2943 “
205 2911 301 2995 Quid,
319 2931 441 2976 soceros
455 2911 560 2996 legere
575 2917 609 2974 et
625 2909 755 2996 gremiis
771 2911 929 2977 abducere
944 2921 1059 2996 pactas
1072 2934 1081 2995 ;

170 3014 193 3048 “
206 3016 326 3080 Pacem
342 3035 431 3079 orare
447 3035 557 3100 manu,
574 3013 931 3102 praefigere'puppibus
947 3039 1038 3081 arma
1051 3019 1116 3082 Ρ-
1182 3018 1227 3083 80

168 3121 189 3152 “
204 3121 258 3186 Tu
273 3129 367 3206 potes
382 3120 517 3185 Aenean
533 3119 685 3186 manibus
701 3120 877 3186 subducere
894 3120 1044 3203 Graium,

168 3221 329 3310 “Proque
344 3224 412 3290 viro
428 3225 582 3289 nebulam
598 3232 632 3289 et
648 3232 762 3290 ventos
777 3224 950 3290 obtendere
966 3224 1092 3308 inanes,

169 3328 249 3393 “Et
265 3335 359 3414 potes
374 3329 409 3393 in
423 3328 562 3394 totidem
579 3329 712 3394 classem
729 3337 912 3394 convertere
928 3327 1113 3412 nymphas3

169 3433 272 3498 “Nos
287 3433 412 3518 aliquid
428 3433 571 3498 Rutulos
587 3440 701 3498 contra
710 3425 844 3517 juvisse,
861 3432 1040 3497 nefandum
1055 3441 1105 3499 est-
1118 3435 1184 3500 Ρ-

167 3537 190 3570 “
204 3537 333 3604 Aeneas
347 3537 481 3623 ignarus
497 3537 609 3604 abest:
634 3537 766 3622 ignarus
782 3544 815 3602 et
831 3535 935 3602 absit:
1183 3541 1227 3608 85

171 3642 268 3708 “Est
285 3642 419 3728 Paphus
435 3642 643 3726 Idaliumque
659 3641 733 3724 tibi,
751 3648 829 3706 sunt
845 3641 915 3706 alta
932 3641 1084 3726 Cythera.

168 3745 289 3827 “Quid
305 3744 474 3832 gravidam
489 3745 584 3810 bellis
598 3746 714 3810 urbem
731 3752 765 3808 et
781 3746 877 3810 corda
892 3767 1006 3832 aspera
1021 3749 1161 3814 tentas?

168 3849 317 3916 “Nosne
333 3849 397 3915 tihi
410 3850 517 3916 fluxas
534 3850 694 3935 Phrygiae
711 3870 760 3915 res
774 3857 898 3915 vertere
913 3850 1026 3916 fundo

169 3954 189 3987 ·'‘
203 3955 395 4021 Oonamur?
420 3975 496 4037 n0s;
522 3973 564 4018 an
580 3952 710 4022 miseros
725 3952 783 4040 qui
800 3953 900 4022 Troas
916 3954 1050 4022 Achivis
