2898 4518
252 313 316 380 138
609 331 782 380 Aruernos
806 333 871 380 nra.
897 332 945 379 v1.

251 490 274 524 “
288 491 434 576 Pectore,
452 513 511 557 nec
527 491 616 558 fibris
632 491 759 577 requies
774 493 874 557 datur
888 491 957 557 ulla
973 490 1100 556 renatis.
1251 490 1318 555 600

251 595 371 678 “Quid
387 617 563 661 memorem
579 596 749 682 Lapithas,
767 596 884 660 Ixiona
900 595 1177 679 Pirithoumque,

250 698 372 781 “Quos
388 722 485 787 super
496 709 569 766 atra
585 702 666 767 silex
678 701 749 786 jam
761 702 831 787 jam
846 702 978 786 lapsura
994 701 1187 786 cadentique

250 801 442 870 “Imminet
458 805 619 892 assimilis,
636 807 747 872 lucent
764 807 945 892 genialibus
960 805 1040 870 altis

251 905 397 974 “Aurea
411 909 515 976 fulcra
531 911 620 996 toris,
638 912 818 997 epulaeque
834 919 911 976 ante
926 932 981 976 ora
996 917 1133 996 paratae

250 1011 271 1043 “
285 1013 430 1100 Regifico
445 1015 551 1098 luxu;
576 1015 753 1080 Furiarum
769 1017 915 1080 maxima
925 1015 1025 1100 juxta
1249 1017 1315 1080 605

252 1115 273 1148 “
286 1116 449 1203 Accuhat,
467 1127 501 1184 et
518 1119 671 1184 manibus
686 1119 836 1205 prohibet
852 1119 1039 1204 contingere
1056 1140 1195 1201 mensas,

250 1220 271 1252 “
285 1221 508 1309 Exsurgitque
523 1224 628 1289 facem
643 1224 808 1308 attollens,
825 1233 925 1308 atque
940 1223 1071 1287 intonat
1087 1224 1176 1288 ore-P

249 1326 272 1358 “
285 1327 361 1412 Hic,
379 1329 497 1413 quibus
512 1329 609 1394 invisi
622 1328 749 1412 fratres,
766 1328 849 1393 dum
863 1328 933 1392 vita
948 1327 1114 1410 manebat,

249 1431 270 1466 “
284 1433 482 1500 Pulsatusve
498 1457 624 1521 parens,
642 1443 676 1500 et
691 1435 780 1499 fraus
795 1434 915 1498 innexa
930 1433 1062 1513 clienti;

248 1537 270 1572 “
283 1538 356 1604 Aut
372 1540 429 1624 qui
444 1540 568 1605 divitiis
584 1540 643 1605 soli
658 1539 835 1605 incubuere
851 1537 996 1624 repertis,
1248 1539 1313 1602 610

247 1641 268 1673 “
281 1642 351 1708 Neo
366 1652 493 1729 portem
510 1665 644 1730 posuere
661 1643 745 1710 suis:
771 1663 854 1728 quae
871 1641 1017 1707 maxima
1033 1642 1131 1707 turha
1147 1649 1198 1707 est
1213 1663 1222 1724 ;

247 1745 409 1832 “Quique
425 1749 465 1813 ob
481 1748 680 1813 adulterium
696 1748 804 1830 oaesi3
829 1747 949 1832 quique
966 1767 1056 1810 arma
1072 1746 1177 1812 secuti

249 1851 270 1883 “
284 1852 402 1938 Impia,
419 1874 477 1918 nec
493 1853 591 1918 veriti
606 1852 811 1919 dominorum
826 1852 938 1917 fallere
953 1853 1097 1936 dextras,

247 1954 268 1986 “
282 1955 405 2021 Inclusi
419 1977 559 2042 poenam
575 1964 777 2042 exspectant.
825 1956 877 2021 Nc
894 1976 1012 2041 quaere
1028 1953 1142 2040 doceri,
1246 1954 1312 2020 614

248 2058 391 2141 “Quam
413 2083 567 2148 poenam,
590 2069 649 2126 aut
664 2083 749 2146 quae
764 2061 867 2126 forma
882 2061 966 2126 viros
981 2060 1153 2125 fortunave
1168 2058 1295 2125 mersit.

246 2162 266 2194 ‘⁶
281 2163 406 2229 Saxum
420 2164 534 2251 ingens
549 2165 686 2230 volvunt
702 2165 767 2249 alii,
784 2165 947 2250 radiisque
962 2171 1108 2230 rotarum
1245 2164 1310 2230 616

246 2267 269 2300 “
283 2269 436 2335 Districti
451 2271 594 2355 pendent
610 2292 617 2336 :
643 2269 733 2335 sedet
749 2277 986 2355 aeternumque
1003 2267 1127 2334 sedebit

206 2441 210 2450 ,
246 2373 401 2438 “Infelix
417 2375 583 2458 Theseus5
608 2375 833 2461 Phlegyasque
849 2374 1048 2440 miserrimus
1064 2394 1173 2438 omnes

246 2475 450 2544 “Admonet
466 2487 500 2544 et
515 2501 635 2566 magna
650 2487 794 2544 testatur
808 2500 884 2544 voce
900 2500 957 2565 per
973 2479 1125 2544 umbras:

245 2581 267 2614 “
281 2581 290 2614 ‘
304 2582 430 2648 Discite
442 2582 610 2669 justitiam
625 2584 752 2668 moniti,
770 2591 805 2648 et
820 2605 885 2648 non
901 2592 1046 2648 temnere
1063 2582 1172 2648 divos.’
1184 2585 1203 2610 ''
1242 2584 1311 2647 620

246 2685 268 2718 “
282 2686 441 2752 Vendidit
455 2687 509 2752 hio
525 2709 604 2754 auro
620 2688 762 2773 patriam
777 2687 1010 2772 dominumque
1026 2693 1197 2772 potentem

244 2789 265 2822 “
277 2790 452 2878 Imposuit,
468 2792 542 2857 fixit
557 2792 644 2878 leges
660 2791 764 2878 pretio
779 2799 881 2877 atque
897 2791 1006 2856 refixit
1019 2812 1028 2874 ;

244 2895 342 2961 “Hic
358 2896 545 2961 thalamum
560 2897 679 2962 invasit
695 2903 793 2962 natae
809 2897 993 2981 vetitosque
1009 2896 1224 2980 hymenaeos:

243 2999 265 3032 “
275 2999 361 3065 Ausi
376 3021 487 3066 omnes
501 3001 645 3066 immane
661 3001 752 3066 nefas
768 3021 911 3086 ausoque
926 2999 1035 3086 potiti

244 3104 264 3136 “
278 3104 365 3190 Non,
382 3104 464 3170 mihi
480 3105 508 3171 si
521 3106 652 3190 linguae
668 3113 801 3170 centum
818 3104 884 3172 sint
900 3125 1018 3190 oraque
1035 3111 1180 3188 centum,
1240 3105 1308 3172 625

242 3208 395 3274 “Ferrea
410 3231 482 3294 voX,
500 3231 612 3275 omnes
628 3210 784 3276 scelerum
799 3211 1028 3295 comprendere
1043 3209 1176 3293 formas,

242 3312 263 3344 “
279 3312 400 3380 Omnia
416 3336 595 3400 poenarum
610 3336 794 3401 percurrere
810 3315 943 3381 nomina
958 3314 1109 3399 possim.”

240 3417 331 3482 Haec
347 3419 404 3484 ubi
419 3419 508 3484 diota
523 3420 614 3486 dedit
630 3419 755 3486 Phoebi
770 3421 928 3506 longaeva
944 3420 1091 3486 sacerdos
1105 3429 1120 3501 ;'

239 3522 262 3555 “
277 3523 342 3589 Sed
353 3524 424 3608 jam
439 3547 512 3610 age,
530 3546 626 3611 carpe
643 3525 729 3589 viam
745 3532 778 3590 et
796 3533 987 3611 susceptum
1002 3524 1120 3610 perfice
1136 3532 1284 3593 munus!

238 3627 260 3660 ‘⁴
272 3628 500 3694 Acceleremus
513 3636 520 3698 1
533 3632 553 3662 ''
569 3631 626 3698 ait.
675 3630 696 3662 “
711 3631 893 3716 Cyclopum
907 3631 1027 3696 educta
1043 3629 1180 3695 caminis
1241 3635 1306 3697 630

238 3731 404 3796 “Moenia
419 3733 582 3818 conspicio
597 3741 698 3818 atque
713 3735 845 3799 adverso
860 3733 981 3799 fornice
997 3740 1119 3818 portas,

239 3835 259 3870 “
273 3836 365 3902 Haec
382 3837 440 3902 ubi
455 3859 513 3902 nos
529 3845 684 3923 pracepta
695 3838 814 3923 jubent
831 3839 991 3924 deponere
1006 3840 1121 3906 dona.''

240 3940 389 4025 Dixerat,
406 3948 440 4005 et
457 3941 579 4025 pariter
593 3943 693 4026 gressi
707 3965 764 4027 per
779 3964 880 4029 opaca
895 3943 1021 4010 viarum
