<?xml version="1.0" encoding="UTF-8"?>
<!DOCTYPE html PUBLIC "-//W3C//DTD XHTML 1.0 Transitional//EN"
    "http://www.w3.org/TR/xhtml1/DTD/xhtml1-transitional.dtd">
<html xmlns="http://www.w3.org/1999/xhtml" xml:lang="en" lang="en">
 <head>
  <title>
</title>
<meta http-equiv="Content-Type" content="text/html;charset=utf-8" />
  <meta name='ocr-system' content='tesseract 3.04.00' />
  <meta name='ocr-capabilities' content='ocr_page ocr_carea ocr_par ocr_line ocrx_word'/>
</head>
<body>
  <div class='ocr_page' id='page_1' title='image "./virgilsaeneidwi00virggoog_0198.png"; bbox 0 0 2898 4518; ppageno 0'>
   <div class='ocr_carea' id='block_1_1' title="bbox 245 317 946 392">
    <p class='ocr_par' dir='ltr' id='par_1_1' title="bbox 245 317 946 392">
     <span class='ocr_line' id='line_1_1' title="bbox 245 317 946 392; baseline -0.004 -3"><span class='ocrx_word' id='word_1_1' title='bbox 245 317 311 392; x_wconf 77' lang='lat'>174</span> <span class='ocrx_word' id='word_1_2' title='bbox 590 338 760 386; x_wconf 77' lang='lat' dir='ltr'>anunmos</span> <span class='ocrx_word' id='word_1_3' title='bbox 783 338 847 386; x_wconf 78' lang='lat' dir='ltr'>urs.</span> <span class='ocrx_word' id='word_1_4' title='bbox 873 337 946 386; x_wconf 87' lang='lat' dir='ltr'>vm.</span> 
     </span>
    </p>
   </div>
   <div class='ocr_carea' id='block_1_2' title="bbox 245 496 1309 4032">
    <p class='ocr_par' dir='ltr' id='par_1_2' title="bbox 247 496 1059 582">
     <span class='ocr_line' id='line_1_2' title="bbox 247 496 1059 582; baseline -0.002 -17"><span class='ocrx_word' id='word_1_5' title='bbox 247 500 268 533; x_wconf 92' lang='lat'><strong>“</strong></span> <span class='ocrx_word' id='word_1_6' title='bbox 284 501 355 566; x_wconf 88' lang='lat' dir='ltr'>Hos</span> <span class='ocrx_word' id='word_1_7' title='bbox 370 500 484 566; x_wconf 88' lang='lat' dir='ltr'>castris</span> <span class='ocrx_word' id='word_1_8' title='bbox 500 499 617 566; x_wconf 87' lang='lat' dir='ltr'>adhibe</span> <span class='ocrx_word' id='word_1_9' title='bbox 634 499 743 582; x_wconf 89' lang='lat' dir='ltr'>socios,</span> <span class='ocrx_word' id='word_1_10' title='bbox 761 507 794 564; x_wconf 88' lang='lat' dir='ltr'>et</span> <span class='ocrx_word' id='word_1_11' title='bbox 809 499 937 563; x_wconf 84' lang='lat' dir='ltr'><strong>foedera</strong></span> <span class='ocrx_word' id='word_1_12' title='bbox 948 496 1059 582; x_wconf 88' lang='lat' dir='ltr'>junge.</span> 
     </span>
    </p>

    <p class='ocr_par' dir='ltr' id='par_1_3' title="bbox 245 603 1026 692">
     <span class='ocr_line' id='line_1_3' title="bbox 245 603 1026 692; baseline -0.006 -21"><span class='ocrx_word' id='word_1_13' title='bbox 245 604 267 637; x_wconf 89' lang='lat'><strong>“</strong></span> <span class='ocrx_word' id='word_1_14' title='bbox 283 605 359 692; x_wconf 88' lang='lat' dir='ltr'>Ipse</span> <span class='ocrx_word' id='word_1_15' title='bbox 375 627 433 692; x_wconf 90' lang='lat' dir='ltr'>ego</span> <span class='ocrx_word' id='word_1_16' title='bbox 449 613 483 670; x_wconf 88' lang='lat' dir='ltr'>te</span> <span class='ocrx_word' id='word_1_17' title='bbox 498 604 576 690; x_wconf 82' lang='lat' dir='ltr'>ripis</span> <span class='ocrx_word' id='word_1_18' title='bbox 591 612 625 669; x_wconf 90' lang='lat' dir='ltr'>et</span> <span class='ocrx_word' id='word_1_19' title='bbox 642 611 730 668; x_wconf 87' lang='lat' dir='ltr'>recto</span> <span class='ocrx_word' id='word_1_20' title='bbox 745 603 881 668; x_wconf 88' lang='lat' dir='ltr'>flumine</span> <span class='ocrx_word' id='word_1_21' title='bbox 897 604 1026 685; x_wconf 87' lang='lat' dir='ltr'>ducam,</span> 
     </span>
    </p>

    <p class='ocr_par' dir='ltr' id='par_1_4' title="bbox 245 707 1123 794">
     <span class='ocr_line' id='line_1_4' title="bbox 245 707 1123 794; baseline -0.005 -18"><span class='ocrx_word' id='word_1_22' title='bbox 245 710 266 742; x_wconf 90' lang='lat'><strong>“</strong></span> <span class='ocrx_word' id='word_1_23' title='bbox 281 710 466 778; x_wconf 81' lang='lat' dir='ltr'><strong>Adversum</strong></span> <span class='ocrx_word' id='word_1_24' title='bbox 481 709 578 774; x_wconf 89' lang='lat' dir='ltr'>remis</span> <span class='ocrx_word' id='word_1_25' title='bbox 594 730 723 794; x_wconf 88' lang='lat' dir='ltr'>superes</span> <span class='ocrx_word' id='word_1_26' title='bbox 739 707 912 773; x_wconf 89' lang='lat' dir='ltr'>subvectus</span> <span class='ocrx_word' id='word_1_27' title='bbox 927 714 967 772; x_wconf 93' lang='lat' dir='ltr'>ut</span> <span class='ocrx_word' id='word_1_28' title='bbox 983 727 1123 772; x_wconf 86' lang='lat' dir='ltr'>amnem.</span> 
     </span>
    </p>

    <p class='ocr_par' dir='ltr' id='par_1_5' title="bbox 245 813 1307 1111">
     <span class='ocr_line' id='line_1_5' title="bbox 247 813 1298 903; baseline -0.005 -21"><span class='ocrx_word' id='word_1_29' title='bbox 247 816 267 849; x_wconf 92' lang='lat'><strong>“</strong></span> <span class='ocrx_word' id='word_1_30' title='bbox 282 817 385 903; x_wconf 82' lang='lat' dir='ltr'>Surge</span> <span class='ocrx_word' id='word_1_31' title='bbox 401 838 472 902; x_wconf 90' lang='lat' dir='ltr'>age,</span> <span class='ocrx_word' id='word_1_32' title='bbox 488 823 565 881; x_wconf 90' lang='lat' dir='ltr'>nate</span> <span class='ocrx_word' id='word_1_33' title='bbox 581 817 652 900; x_wconf 91' lang='lat' dir='ltr'>dea,</span> <span class='ocrx_word' id='word_1_34' title='bbox 671 815 848 900; x_wconf 86' lang='lat' dir='ltr'>primisque</span> <span class='ocrx_word' id='word_1_35' title='bbox 865 814 1057 879; x_wconf 79' lang='lat' dir='ltr'>cadentibus</span> <span class='ocrx_word' id='word_1_36' title='bbox 1074 813 1171 878; x_wconf 89' lang='lat' dir='ltr'>astris</span> <span class='ocrx_word' id='word_1_37' title='bbox 1293 823 1298 832; x_wconf 83' lang='grc'><strong>’</strong></span> 
     </span>
     <span class='ocr_line' id='line_1_6' title="bbox 246 918 1307 1006; baseline -0.005 -20"><span class='ocrx_word' id='word_1_38' title='bbox 246 920 266 953; x_wconf 87' lang='grc'><strong>“</strong></span> <span class='ocrx_word' id='word_1_39' title='bbox 277 921 301 986; x_wconf 83' lang='lat' dir='ltr'>J</span> <span class='ocrx_word' id='word_1_40' title='bbox 304 921 403 986; x_wconf 92' lang='lat' dir='ltr'>unoni</span> <span class='ocrx_word' id='word_1_41' title='bbox 417 922 465 986; x_wconf 88' lang='lat' dir='ltr'>fer</span> <span class='ocrx_word' id='word_1_42' title='bbox 480 921 541 986; x_wconf 87' lang='lat' dir='ltr'>rite</span> <span class='ocrx_word' id='word_1_43' title='bbox 557 941 678 1006; x_wconf 84' lang='lat' dir='ltr'>preces,</span> <span class='ocrx_word' id='word_1_44' title='bbox 695 920 841 1004; x_wconf 85' lang='lat' dir='ltr'>iramque</span> <span class='ocrx_word' id='word_1_45' title='bbox 857 919 1025 1004; x_wconf 86' lang='lat' dir='ltr'>minasque</span> <span class='ocrx_word' id='word_1_46' title='bbox 1263 918 1307 984; x_wconf 84' lang='lat'>60</span> 
     </span>
     <span class='ocr_line' id='line_1_7' title="bbox 245 1023 1149 1111; baseline -0.006 -20"><span class='ocrx_word' id='word_1_47' title='bbox 245 1024 267 1058; x_wconf 88' lang='lat'><strong><em>“</em></strong></span> <span class='ocrx_word' id='word_1_48' title='bbox 279 1025 489 1111; x_wconf 69' lang='lat' dir='ltr'>supplicibus</span> <span class='ocrx_word' id='word_1_49' title='bbox 505 1045 622 1110; x_wconf 90' lang='lat' dir='ltr'>supera</span> <span class='ocrx_word' id='word_1_50' title='bbox 637 1024 729 1090; x_wconf 84' lang='lat' dir='ltr'>votis.</span> <span class='ocrx_word' id='word_1_51' title='bbox 777 1023 860 1088; x_wconf 90' lang='lat' dir='ltr'>Mihi</span> <span class='ocrx_word' id='word_1_52' title='bbox 875 1023 981 1088; x_wconf 86' lang='lat' dir='ltr'>victor</span> <span class='ocrx_word' id='word_1_53' title='bbox 995 1023 1149 1088; x_wconf 92' lang='lat' dir='ltr'>honorem</span> 
     </span>
    </p>

    <p class='ocr_par' dir='ltr' id='par_1_6' title="bbox 245 1127 1163 1215">
     <span class='ocr_line' id='line_1_8' title="bbox 245 1127 1163 1215; baseline -0.003 -21"><span class='ocrx_word' id='word_1_54' title='bbox 245 1128 268 1162; x_wconf 88' lang='lat'><strong>“</strong></span> <span class='ocrx_word' id='word_1_55' title='bbox 278 1130 452 1196; x_wconf 83' lang='lat' dir='ltr'>Persolves.</span> <span class='ocrx_word' id='word_1_56' title='bbox 499 1129 570 1215; x_wconf 82' lang='lat' dir='ltr'>Ego</span> <span class='ocrx_word' id='word_1_57' title='bbox 586 1150 668 1212; x_wconf 90' lang='lat' dir='ltr'>sum,</span> <span class='ocrx_word' id='word_1_58' title='bbox 685 1128 780 1214; x_wconf 89' lang='lat' dir='ltr'>pleno</span> <span class='ocrx_word' id='word_1_59' title='bbox 796 1149 894 1212; x_wconf 93' lang='lat' dir='ltr'>quem</span> <span class='ocrx_word' id='word_1_60' title='bbox 909 1127 1043 1192; x_wconf 88' lang='lat' dir='ltr'>flumine</span> <span class='ocrx_word' id='word_1_61' title='bbox 1059 1127 1163 1214; x_wconf 78' lang='lat' dir='ltr'>cernis</span> 
     </span>
    </p>

    <p class='ocr_par' dir='ltr' id='par_1_7' title="bbox 246 1232 1108 1322">
     <span class='ocr_line' id='line_1_9' title="bbox 246 1232 1108 1322; baseline -0.006 -21"><span class='ocrx_word' id='word_1_62' title='bbox 246 1234 268 1268; x_wconf 90' lang='lat'><strong>“</strong></span> <span class='ocrx_word' id='word_1_63' title='bbox 284 1235 506 1322; x_wconf 87' lang='lat' dir='ltr'>Stringentem</span> <span class='ocrx_word' id='word_1_64' title='bbox 522 1234 609 1318; x_wconf 85' lang='lat' dir='ltr'>ripas</span> <span class='ocrx_word' id='word_1_65' title='bbox 625 1241 659 1297; x_wconf 92' lang='lat' dir='ltr'>et</span> <span class='ocrx_word' id='word_1_66' title='bbox 674 1232 809 1318; x_wconf 88' lang='lat' dir='ltr'>pinguia</span> <span class='ocrx_word' id='word_1_67' title='bbox 824 1233 914 1297; x_wconf 91' lang='lat' dir='ltr'>culta</span> <span class='ocrx_word' id='word_1_68' title='bbox 931 1239 1108 1316; x_wconf 75' lang='lat' dir='ltr'>secantem,</span> 
     </span>
    </p>

    <p class='ocr_par' dir='ltr' id='par_1_8' title="bbox 245 1336 1080 1423">
     <span class='ocr_line' id='line_1_10' title="bbox 245 1336 1080 1423; baseline -0.001 -18"><span class='ocrx_word' id='word_1_69' title='bbox 245 1339 267 1373; x_wconf 90' lang='lat'><strong><em>“</em></strong></span> <span class='ocrx_word' id='word_1_70' title='bbox 282 1339 459 1406; x_wconf 79' lang='lat' dir='ltr'>Caeruleus</span> <span class='ocrx_word' id='word_1_71' title='bbox 476 1337 624 1423; x_wconf 83' lang='lat' dir='ltr'>Thybris,</span> <span class='ocrx_word' id='word_1_72' title='bbox 642 1337 729 1402; x_wconf 92' lang='lat' dir='ltr'>coelo</span> <span class='ocrx_word' id='word_1_73' title='bbox 744 1337 949 1422; x_wconf 84' lang='lat' dir='ltr'>gratissimus</span> <span class='ocrx_word' id='word_1_74' title='bbox 964 1336 1080 1404; x_wconf 90' lang='lat' dir='ltr'>amnis.</span> 
     </span>
    </p>

    <p class='ocr_par' dir='ltr' id='par_1_9' title="bbox 247 1440 1306 1632">
     <span class='ocr_line' id='line_1_11' title="bbox 247 1440 1306 1528; baseline -0.003 -19"><span class='ocrx_word' id='word_1_75' title='bbox 247 1444 268 1477; x_wconf 92' lang='lat'><strong><em>“</em></strong></span> <span class='ocrx_word' id='word_1_76' title='bbox 282 1444 349 1509; x_wconf 88' lang='lat' dir='ltr'>Hic</span> <span class='ocrx_word' id='word_1_77' title='bbox 363 1443 445 1508; x_wconf 90' lang='lat' dir='ltr'>mihi</span> <span class='ocrx_word' id='word_1_78' title='bbox 460 1464 580 1528; x_wconf 87' lang='lat' dir='ltr'>magna</span> <span class='ocrx_word' id='word_1_79' title='bbox 596 1442 722 1523; x_wconf 90' lang='lat' dir='ltr'>domus,</span> <span class='ocrx_word' id='word_1_80' title='bbox 739 1440 832 1506; x_wconf 90' lang='lat' dir='ltr'>celsis</span> <span class='ocrx_word' id='word_1_81' title='bbox 848 1448 948 1526; x_wconf 89' lang='lat' dir='ltr'>caput</span> <span class='ocrx_word' id='word_1_82' title='bbox 964 1440 1110 1525; x_wconf 84' lang='lat' dir='ltr'>urbibus,</span> <span class='ocrx_word' id='word_1_83' title='bbox 1127 1441 1228 1506; x_wconf 87' lang='lat' dir='ltr'>exit.”</span> <span class='ocrx_word' id='word_1_84' title='bbox 1263 1441 1306 1506; x_wconf 83' lang='lat'>65</span> 
     </span>
     <span class='ocr_line' id='line_1_12' title="bbox 247 1545 1036 1632; baseline -0.003 -20"><span class='ocrx_word' id='word_1_85' title='bbox 247 1548 353 1632; x_wconf 80' lang='lat' dir='ltr'>Dixit,</span> <span class='ocrx_word' id='word_1_86' title='bbox 371 1548 488 1612; x_wconf 86' lang='lat' dir='ltr'>deinde</span> <span class='ocrx_word' id='word_1_87' title='bbox 503 1548 579 1611; x_wconf 92' lang='lat' dir='ltr'>lacu</span> <span class='ocrx_word' id='word_1_88' title='bbox 594 1545 732 1610; x_wconf 83' lang='lat' dir='ltr'>Fluvius</span> <span class='ocrx_word' id='word_1_89' title='bbox 749 1567 781 1610; x_wconf 91' lang='lat' dir='ltr'>se</span> <span class='ocrx_word' id='word_1_90' title='bbox 797 1545 942 1610; x_wconf 87' lang='lat' dir='ltr'>condidit</span> <span class='ocrx_word' id='word_1_91' title='bbox 958 1546 1036 1630; x_wconf 82' lang='lat' dir='ltr'>altu,</span> 
     </span>
    </p>

    <p class='ocr_par' dir='ltr' id='par_1_10' title="bbox 245 1649 1080 1738">
     <span class='ocr_line' id='line_1_13' title="bbox 245 1649 1080 1738; baseline -0.001 -21"><span class='ocrx_word' id='word_1_92' title='bbox 245 1653 318 1717; x_wconf 90' lang='lat' dir='ltr'>Ima</span> <span class='ocrx_word' id='word_1_93' title='bbox 336 1661 470 1738; x_wconf 91' lang='lat' dir='ltr'>petens;</span> <span class='ocrx_word' id='word_1_94' title='bbox 495 1673 561 1716; x_wconf 86' lang='lat' dir='ltr'>nox</span> <span class='ocrx_word' id='word_1_95' title='bbox 576 1651 713 1716; x_wconf 79' lang='lat' dir='ltr'>Aenean</span> <span class='ocrx_word' id='word_1_96' title='bbox 729 1671 923 1734; x_wconf 87' lang='lat' dir='ltr'>somnusque</span> <span class='ocrx_word' id='word_1_97' title='bbox 940 1649 1080 1735; x_wconf 91' lang='lat' dir='ltr'>reliquit.</span> 
     </span>
    </p>

    <p class='ocr_par' dir='ltr' id='par_1_11' title="bbox 246 1753 984 1842">
     <span class='ocr_line' id='line_1_14' title="bbox 246 1753 984 1842; baseline -0.004 -20"><span class='ocrx_word' id='word_1_98' title='bbox 246 1757 359 1842; x_wconf 82' lang='lat' dir='ltr'>Surgit</span> <span class='ocrx_word' id='word_1_99' title='bbox 376 1763 419 1840; x_wconf 90' lang='lat' dir='ltr'>et,</span> <span class='ocrx_word' id='word_1_100' title='bbox 437 1756 573 1820; x_wconf 90' lang='lat' dir='ltr'>aetherii</span> <span class='ocrx_word' id='word_1_101' title='bbox 590 1763 740 1841; x_wconf 90' lang='lat' dir='ltr'>spectans</span> <span class='ocrx_word' id='word_1_102' title='bbox 756 1753 893 1818; x_wconf 87' lang='lat' dir='ltr'>orientia</span> <span class='ocrx_word' id='word_1_103' title='bbox 909 1754 984 1819; x_wconf 88' lang='lat' dir='ltr'>solis</span> 
     </span>
    </p>

    <p class='ocr_par' dir='ltr' id='par_1_12' title="bbox 245 1857 1061 1944">
     <span class='ocr_line' id='line_1_15' title="bbox 245 1857 1061 1944; baseline -0.004 -19"><span class='ocrx_word' id='word_1_104' title='bbox 245 1861 398 1944; x_wconf 89' lang='lat' dir='ltr'>Lumina,</span> <span class='ocrx_word' id='word_1_105' title='bbox 417 1860 479 1925; x_wconf 90' lang='lat' dir='ltr'>rite</span> <span class='ocrx_word' id='word_1_106' title='bbox 495 1860 582 1924; x_wconf 85' lang='lat' dir='ltr'>cavis</span> <span class='ocrx_word' id='word_1_107' title='bbox 597 1860 722 1924; x_wconf 89' lang='lat' dir='ltr'>undam</span> <span class='ocrx_word' id='word_1_108' title='bbox 737 1858 777 1922; x_wconf 89' lang='lat' dir='ltr'>de</span> <span class='ocrx_word' id='word_1_109' title='bbox 792 1858 928 1922; x_wconf 90' lang='lat' dir='ltr'>flumine</span> <span class='ocrx_word' id='word_1_110' title='bbox 943 1857 1061 1943; x_wconf 87' lang='lat' dir='ltr'>palmis</span> 
     </span>
    </p>

    <p class='ocr_par' dir='ltr' id='par_1_13' title="bbox 247 1961 1307 2366">
     <span class='ocr_line' id='line_1_16' title="bbox 247 1961 1307 2048; baseline -0.003 -17"><span class='ocrx_word' id='word_1_111' title='bbox 247 1966 407 2048; x_wconf 81' lang='lat' dir='ltr'>Sustinet,</span> <span class='ocrx_word' id='word_1_112' title='bbox 426 1987 463 2030; x_wconf 85' lang='lat' dir='ltr'>aa</span> <span class='ocrx_word' id='word_1_113' title='bbox 479 1965 563 2030; x_wconf 92' lang='lat' dir='ltr'>tales</span> <span class='ocrx_word' id='word_1_114' title='bbox 579 1963 718 2028; x_wconf 88' lang='lat' dir='ltr'>effundit</span> <span class='ocrx_word' id='word_1_115' title='bbox 735 1965 777 2029; x_wconf 92' lang='lat' dir='ltr'>ad</span> <span class='ocrx_word' id='word_1_116' title='bbox 793 1964 927 2028; x_wconf 87' lang='lat' dir='ltr'>aethera</span> <span class='ocrx_word' id='word_1_117' title='bbox 941 1985 1053 2030; x_wconf 88' lang='lat' dir='ltr'>voces:</span> <span class='ocrx_word' id='word_1_118' title='bbox 1263 1961 1307 2031; x_wconf 87' lang='grc'>70</span> 
     </span>
     <span class='ocr_line' id='line_1_17' title="bbox 247 2067 1307 2155; baseline -0.002 -21"><span class='ocrx_word' id='word_1_119' title='bbox 247 2069 268 2102; x_wconf 85' lang='grc'>“</span> <span class='ocrx_word' id='word_1_120' title='bbox 280 2069 465 2155; x_wconf 88' lang='lat' dir='ltr'>Nymphae,</span> <span class='ocrx_word' id='word_1_121' title='bbox 479 2069 660 2133; x_wconf 84' lang='lat' dir='ltr'>Laurentes</span> <span class='ocrx_word' id='word_1_122' title='bbox 676 2067 852 2152; x_wconf 87' lang='lat' dir='ltr'>nymphae,</span> <span class='ocrx_word' id='word_1_123' title='bbox 866 2089 968 2153; x_wconf 87' lang='lat' dir='ltr'>genus</span> <span class='ocrx_word' id='word_1_124' title='bbox 980 2067 1132 2144; x_wconf 82' lang='lat' dir='ltr'>amnibus</span> <span class='ocrx_word' id='word_1_125' title='bbox 1143 2068 1232 2132; x_wconf 90' lang='lat' dir='ltr'>unde</span> <span class='ocrx_word' id='word_1_126' title='bbox 1244 2075 1307 2152; x_wconf 90' lang='lat' dir='ltr'>est,</span> 
     </span>
     <span class='ocr_line' id='line_1_18' title="bbox 247 2172 1184 2268; baseline -0.002 -30"><span class='ocrx_word' id='word_1_127' title='bbox 247 2175 268 2232; x_wconf 87' lang='lat'>‘.‘</span> <span class='ocrx_word' id='word_1_128' title='bbox 283 2175 409 2260; x_wconf 81' lang='lat' dir='ltr'>Tuque,</span> <span class='ocrx_word' id='word_1_129' title='bbox 427 2196 445 2239; x_wconf 93' lang='lat'>0</span> <span class='ocrx_word' id='word_1_130' title='bbox 463 2173 587 2258; x_wconf 81' lang='lat' dir='ltr'>Thybri</span> <span class='ocrx_word' id='word_1_131' title='bbox 602 2181 659 2238; x_wconf 82' lang='lat' dir='ltr'>tuo</span> <span class='ocrx_word' id='word_1_132' title='bbox 675 2173 801 2258; x_wconf 85' lang='lat' dir='ltr'>genitor</span> <span class='ocrx_word' id='word_1_133' title='bbox 817 2194 892 2268; x_wconf 78' lang='lat' dir='ltr'>curn</span> <span class='ocrx_word' id='word_1_134' title='bbox 908 2172 1044 2236; x_wconf 88' lang='lat' dir='ltr'>flumine</span> <span class='ocrx_word' id='word_1_135' title='bbox 1060 2180 1184 2256; x_wconf 88' lang='lat' dir='ltr'>sanct0‚</span> 
     </span>
     <span class='ocr_line' id='line_1_19' title="bbox 248 2277 1079 2366; baseline 0 -22"><span class='ocrx_word' id='word_1_136' title='bbox 248 2279 433 2366; x_wconf 86' lang='lat' dir='ltr'>“Accipite</span> <span class='ocrx_word' id='word_1_137' title='bbox 449 2279 586 2344; x_wconf 82' lang='lat' dir='ltr'>Aenean</span> <span class='ocrx_word' id='word_1_138' title='bbox 603 2285 637 2342; x_wconf 93' lang='lat' dir='ltr'>et</span> <span class='ocrx_word' id='word_1_139' title='bbox 654 2279 790 2342; x_wconf 91' lang='lat' dir='ltr'>tandem</span> <span class='ocrx_word' id='word_1_140' title='bbox 804 2285 911 2343; x_wconf 82' lang='lat' dir='ltr'>arcete</span> <span class='ocrx_word' id='word_1_141' title='bbox 928 2277 1058 2362; x_wconf 88' lang='lat' dir='ltr'>periclis</span> <span class='ocrx_word' id='word_1_142' title='bbox 1072 2282 1079 2344; x_wconf 90' lang='lat' dir='ltr'>l</span> 
     </span>
    </p>

    <p class='ocr_par' dir='ltr' id='par_1_14' title="bbox 247 2380 1239 2468">
     <span class='ocr_line' id='line_1_20' title="bbox 247 2380 1239 2468; baseline -0.002 -20"><span class='ocrx_word' id='word_1_143' title='bbox 247 2383 268 2416; x_wconf 90' lang='lat'><strong>“</strong></span> <span class='ocrx_word' id='word_1_144' title='bbox 283 2384 353 2465; x_wconf 85' lang='lat' dir='ltr'>Quo</span> <span class='ocrx_word' id='word_1_145' title='bbox 369 2391 404 2448; x_wconf 92' lang='lat' dir='ltr'>te</span> <span class='ocrx_word' id='word_1_146' title='bbox 420 2405 559 2468; x_wconf 88' lang='lat' dir='ltr'>cumque</span> <span class='ocrx_word' id='word_1_147' title='bbox 573 2380 664 2447; x_wconf 78' lang='lat' dir='ltr'>l&#39;acus</span> <span class='ocrx_word' id='word_1_148' title='bbox 679 2382 888 2446; x_wconf 89' lang='lat' dir='ltr'>miserantem</span> <span class='ocrx_word' id='word_1_149' title='bbox 902 2381 1109 2446; x_wconf 87' lang='lat' dir='ltr'>incommoda</span> <span class='ocrx_word' id='word_1_150' title='bbox 1125 2389 1239 2446; x_wconf 87' lang='lat' dir='ltr'>nostra</span> 
     </span>
    </p>

    <p class='ocr_par' dir='ltr' id='par_1_15' title="bbox 247 2478 1307 2678">
     <span class='ocr_line' id='line_1_21' title="bbox 247 2478 1307 2572; baseline 0 -20"><span class='ocrx_word' id='word_1_151' title='bbox 247 2487 268 2521; x_wconf 89' lang='lat'><strong>“</strong></span> <span class='ocrx_word' id='word_1_152' title='bbox 281 2488 388 2552; x_wconf 79' lang='lat' dir='ltr'>Fonte</span> <span class='ocrx_word' id='word_1_153' title='bbox 404 2494 506 2572; x_wconf 92' lang='lat' dir='ltr'>tenet,</span> <span class='ocrx_word' id='word_1_154' title='bbox 523 2507 727 2572; x_wconf 90' lang='lat' dir='ltr'>quocumque</span> <span class='ocrx_word' id='word_1_155' title='bbox 744 2486 809 2550; x_wconf 87' lang='lat' dir='ltr'>solo</span> <span class='ocrx_word' id='word_1_156' title='bbox 826 2485 1063 2571; x_wconf 87' lang='lat' dir='ltr'>pulcherrimus</span> <span class='ocrx_word' id='word_1_157' title='bbox 1079 2485 1158 2568; x_wconf 87' lang='lat' dir='ltr'>exis,</span> <span class='ocrx_word' id='word_1_158' title='bbox 1219 2478 1224 2494; x_wconf 58' lang='lat'>⁸</span> <span class='ocrx_word' id='word_1_159' title='bbox 1263 2483 1307 2552; x_wconf 83' lang='lat'>75</span> 
     </span>
     <span class='ocr_line' id='line_1_22' title="bbox 247 2589 1125 2678; baseline -0.002 -21"><span class='ocrx_word' id='word_1_160' title='bbox 247 2593 267 2625; x_wconf 90' lang='lat'>“</span> <span class='ocrx_word' id='word_1_161' title='bbox 282 2593 417 2678; x_wconf 81' lang='lat' dir='ltr'>Semper</span> <span class='ocrx_word' id='word_1_162' title='bbox 431 2593 549 2656; x_wconf 90' lang='lat' dir='ltr'>honore</span> <span class='ocrx_word' id='word_1_163' title='bbox 565 2613 648 2674; x_wconf 89' lang='lat' dir='ltr'>meo,</span> <span class='ocrx_word' id='word_1_164' title='bbox 666 2611 791 2676; x_wconf 88' lang='lat' dir='ltr'>semper</span> <span class='ocrx_word' id='word_1_165' title='bbox 806 2589 1005 2656; x_wconf 78' lang='lat' dir='ltr'>celebrabere</span> <span class='ocrx_word' id='word_1_166' title='bbox 1022 2589 1125 2673; x_wconf 89' lang='lat' dir='ltr'>donis,</span> 
     </span>
    </p>

    <p class='ocr_par' dir='ltr' id='par_1_16' title="bbox 248 2681 1156 2782">
     <span class='ocr_line' id='line_1_23' title="bbox 248 2681 1156 2782; baseline -0.004 -18"><span class='ocrx_word' id='word_1_167' title='bbox 248 2697 270 2729; x_wconf 76' lang='lat'>‘&#39;‘</span> <span class='ocrx_word' id='word_1_168' title='bbox 284 2697 438 2782; x_wconf 78' lang='lat' dir='ltr'>Corniger</span> <span class='ocrx_word' id='word_1_169' title='bbox 453 2696 674 2782; x_wconf 89' lang='lat' dir='ltr'>Hesperidum</span> <span class='ocrx_word' id='word_1_170' title='bbox 688 2695 807 2760; x_wconf 89' lang='lat' dir='ltr'>fluvius</span> <span class='ocrx_word' id='word_1_171' title='bbox 823 2703 973 2780; x_wconf 87' lang='lat' dir='ltr'>regnator</span> <span class='ocrx_word' id='word_1_172' title='bbox 987 2681 1156 2779; x_wconf 85' lang='lat' dir='ltr'>aquarum.</span> 
     </span>
    </p>

    <p class='ocr_par' dir='ltr' id='par_1_17' title="bbox 247 2799 1179 2886">
     <span class='ocr_line' id='line_1_24' title="bbox 247 2799 1179 2886; baseline 0.002 -20"><span class='ocrx_word' id='word_1_173' title='bbox 247 2801 380 2866; x_wconf 89' lang='lat' dir='ltr'>“Adsis</span> <span class='ocrx_word' id='word_1_174' title='bbox 396 2822 414 2865; x_wconf 94' lang='lat' dir='ltr'>o</span> <span class='ocrx_word' id='word_1_175' title='bbox 430 2809 575 2885; x_wconf 88' lang='lat' dir='ltr'>tantum,</span> <span class='ocrx_word' id='word_1_176' title='bbox 593 2809 626 2865; x_wconf 88' lang='lat' dir='ltr'>et</span> <span class='ocrx_word' id='word_1_177' title='bbox 642 2800 773 2886; x_wconf 91' lang='lat' dir='ltr'>propius</span> <span class='ocrx_word' id='word_1_178' title='bbox 789 2808 848 2864; x_wconf 89' lang='lat' dir='ltr'>tua</span> <span class='ocrx_word' id='word_1_179' title='bbox 863 2799 999 2864; x_wconf 88' lang='lat' dir='ltr'>numina</span> <span class='ocrx_word' id='word_1_180' title='bbox 1014 2801 1122 2866; x_wconf 89' lang='lat' dir='ltr'>firmes</span> <span class='ocrx_word' id='word_1_181' title='bbox 1137 2806 1144 2868; x_wconf 90' lang='lat' dir='ltr'>l</span> <span class='ocrx_word' id='word_1_182' title='bbox 1159 2803 1179 2829; x_wconf 89' lang='lat'>&#39;&#39;</span> 
     </span>
    </p>

    <p class='ocr_par' dir='ltr' id='par_1_18' title="bbox 246 2905 1307 3306">
     <span class='ocr_line' id='line_1_25' title="bbox 247 2905 1148 2992; baseline -0.003 -19"><span class='ocrx_word' id='word_1_183' title='bbox 247 2907 301 2974; x_wconf 86' lang='lat' dir='ltr'>Sic</span> <span class='ocrx_word' id='word_1_184' title='bbox 317 2913 489 2990; x_wconf 89' lang='lat' dir='ltr'>memorat,</span> <span class='ocrx_word' id='word_1_185' title='bbox 506 2905 715 2990; x_wconf 87' lang='lat' dir='ltr'>geminasque</span> <span class='ocrx_word' id='word_1_186' title='bbox 731 2905 812 2992; x_wconf 89' lang='lat' dir='ltr'>legit</span> <span class='ocrx_word' id='word_1_187' title='bbox 827 2907 867 2970; x_wconf 94' lang='lat' dir='ltr'>de</span> <span class='ocrx_word' id='word_1_188' title='bbox 884 2906 985 2970; x_wconf 90' lang='lat' dir='ltr'>classe</span> <span class='ocrx_word' id='word_1_189' title='bbox 1000 2905 1148 2988; x_wconf 86' lang='lat' dir='ltr'>biremes,</span> 
     </span>
     <span class='ocr_line' id='line_1_26' title="bbox 246 3009 1307 3097; baseline -0.001 -22"><span class='ocrx_word' id='word_1_190' title='bbox 246 3011 461 3097; x_wconf 81' lang='lat' dir='ltr'>Remigioque</span> <span class='ocrx_word' id='word_1_191' title='bbox 477 3017 592 3095; x_wconf 86' lang='lat' dir='ltr'>aptat;</span> <span class='ocrx_word' id='word_1_192' title='bbox 618 3010 717 3076; x_wconf 90' lang='lat' dir='ltr'>socios</span> <span class='ocrx_word' id='word_1_193' title='bbox 733 3009 831 3076; x_wconf 90' lang='lat' dir='ltr'>simul</span> <span class='ocrx_word' id='word_1_194' title='bbox 846 3009 981 3075; x_wconf 88' lang='lat' dir='ltr'>instruit</span> <span class='ocrx_word' id='word_1_195' title='bbox 998 3011 1104 3076; x_wconf 76' lang='lat' dir='ltr'>armis.</span> <span class='ocrx_word' id='word_1_196' title='bbox 1263 3011 1307 3076; x_wconf 90' lang='grc'>80</span> 
     </span>
     <span class='ocr_line' id='line_1_27' title="bbox 246 3113 1232 3199; baseline -0.001 -19"><span class='ocrx_word' id='word_1_197' title='bbox 246 3115 332 3180; x_wconf 84' lang='lat' dir='ltr'>Ecce</span> <span class='ocrx_word' id='word_1_198' title='bbox 349 3123 460 3179; x_wconf 91' lang='lat' dir='ltr'>autem</span> <span class='ocrx_word' id='word_1_199' title='bbox 477 3113 624 3179; x_wconf 88' lang='lat' dir='ltr'>subitum</span> <span class='ocrx_word' id='word_1_200' title='bbox 639 3122 739 3199; x_wconf 90' lang='lat' dir='ltr'>atque</span> <span class='ocrx_word' id='word_1_201' title='bbox 755 3113 856 3180; x_wconf 87' lang='lat' dir='ltr'>oculis</span> <span class='ocrx_word' id='word_1_202' title='bbox 872 3115 1019 3180; x_wconf 91' lang='lat' dir='ltr'>mirabile</span> <span class='ocrx_word' id='word_1_203' title='bbox 1035 3123 1232 3198; x_wconf 88' lang='lat' dir='ltr'>monstrum,</span> 
     </span>
     <span class='ocr_line' id='line_1_28' title="bbox 250 3219 1038 3306; baseline -0.005 -18"><span class='ocrx_word' id='word_1_204' title='bbox 250 3220 398 3288; x_wconf 81' lang='lat' dir='ltr'>Candida</span> <span class='ocrx_word' id='word_1_205' title='bbox 414 3241 472 3306; x_wconf 89' lang='lat' dir='ltr'>per</span> <span class='ocrx_word' id='word_1_206' title='bbox 487 3219 603 3284; x_wconf 87' lang='lat' dir='ltr'>silvam</span> <span class='ocrx_word' id='word_1_207' title='bbox 621 3241 697 3284; x_wconf 91' lang='lat' dir='ltr'>cum</span> <span class='ocrx_word' id='word_1_208' title='bbox 712 3219 786 3285; x_wconf 88' lang='lat' dir='ltr'>fetu</span> <span class='ocrx_word' id='word_1_209' title='bbox 801 3220 947 3286; x_wconf 91' lang='lat' dir='ltr'>concolor</span> <span class='ocrx_word' id='word_1_210' title='bbox 963 3221 1038 3284; x_wconf 92' lang='lat' dir='ltr'>albo</span> 
     </span>
    </p>

    <p class='ocr_par' dir='ltr' id='par_1_19' title="bbox 249 3323 1070 3410">
     <span class='ocr_line' id='line_1_29' title="bbox 249 3323 1070 3410; baseline 0.001 -20"><span class='ocrx_word' id='word_1_211' title='bbox 249 3325 427 3391; x_wconf 88' lang='lat' dir='ltr'>Procubuit</span> <span class='ocrx_word' id='word_1_212' title='bbox 443 3324 603 3409; x_wconf 89' lang='lat' dir='ltr'>viridique</span> <span class='ocrx_word' id='word_1_213' title='bbox 619 3323 655 3388; x_wconf 92' lang='lat' dir='ltr'>in</span> <span class='ocrx_word' id='word_1_214' title='bbox 669 3324 763 3390; x_wconf 87' lang='lat' dir='ltr'>litore</span> <span class='ocrx_word' id='word_1_215' title='bbox 772 3324 980 3410; x_wconf 87' lang='lat' dir='ltr'>conspicitur</span> <span class='ocrx_word' id='word_1_216' title='bbox 996 3345 1070 3391; x_wconf 90' lang='lat' dir='ltr'>sus:</span> 
     </span>
    </p>

    <p class='ocr_par' dir='ltr' id='par_1_20' title="bbox 247 3427 1149 3514">
     <span class='ocr_line' id='line_1_30' title="bbox 247 3427 1149 3514; baseline 0.003 -22"><span class='ocrx_word' id='word_1_217' title='bbox 247 3429 356 3510; x_wconf 87' lang='lat' dir='ltr'>Quam</span> <span class='ocrx_word' id='word_1_218' title='bbox 371 3428 446 3514; x_wconf 89' lang='lat' dir='ltr'>pius</span> <span class='ocrx_word' id='word_1_219' title='bbox 461 3427 591 3493; x_wconf 87' lang='lat' dir='ltr'>Aeneas</span> <span class='ocrx_word' id='word_1_220' title='bbox 605 3427 669 3493; x_wconf 93' lang='lat' dir='ltr'>tibi</span> <span class='ocrx_word' id='word_1_221' title='bbox 684 3427 781 3513; x_wconf 90' lang='lat' dir='ltr'>enim,</span> <span class='ocrx_word' id='word_1_222' title='bbox 798 3429 872 3514; x_wconf 91' lang='lat' dir='ltr'>tibi,</span> <span class='ocrx_word' id='word_1_223' title='bbox 889 3430 1034 3494; x_wconf 86' lang='lat' dir='ltr'>maxima</span> <span class='ocrx_word' id='word_1_224' title='bbox 1048 3429 1073 3494; x_wconf 86' lang='lat' dir='ltr'><strong>J</strong></span> <span class='ocrx_word' id='word_1_225' title='bbox 1074 3451 1149 3514; x_wconf 89' lang='lat' dir='ltr'>unc,</span> 
     </span>
    </p>

    <p class='ocr_par' dir='ltr' id='par_1_21' title="bbox 246 3533 1309 3827">
     <span class='ocr_line' id='line_1_31' title="bbox 247 3533 1309 3620; baseline 0.003 -22"><span class='ocrx_word' id='word_1_226' title='bbox 247 3533 388 3617; x_wconf 88' lang='lat' dir='ltr'>Mactat,</span> <span class='ocrx_word' id='word_1_227' title='bbox 405 3554 494 3598; x_wconf 87' lang='lat' dir='ltr'>sacra</span> <span class='ocrx_word' id='word_1_228' title='bbox 509 3533 625 3617; x_wconf 83' lang='lat' dir='ltr'>ferens,</span> <span class='ocrx_word' id='word_1_229' title='bbox 642 3540 676 3597; x_wconf 93' lang='lat' dir='ltr'>et</span> <span class='ocrx_word' id='word_1_230' title='bbox 692 3554 768 3598; x_wconf 93' lang='lat' dir='ltr'>cum</span> <span class='ocrx_word' id='word_1_231' title='bbox 783 3554 878 3620; x_wconf 89' lang='lat' dir='ltr'>grege</span> <span class='ocrx_word' id='word_1_232' title='bbox 896 3534 985 3599; x_wconf 88' lang='lat' dir='ltr'>sistit</span> <span class='ocrx_word' id='word_1_233' title='bbox 1001 3536 1043 3600; x_wconf 91' lang='lat' dir='ltr'>ad</span> <span class='ocrx_word' id='word_1_234' title='bbox 1058 3557 1158 3600; x_wconf 89' lang='lat' dir='ltr'>aram.</span> <span class='ocrx_word' id='word_1_235' title='bbox 1267 3537 1309 3602; x_wconf 84' lang='lat'>85</span> 
     </span>
     <span class='ocr_line' id='line_1_32' title="bbox 247 3635 1229 3722; baseline 0.002 -20"><span class='ocrx_word' id='word_1_236' title='bbox 247 3635 387 3722; x_wconf 90' lang='lat' dir='ltr'>Thybris</span> <span class='ocrx_word' id='word_1_237' title='bbox 403 3657 442 3701; x_wconf 89' lang='lat' dir='ltr'>ea</span> <span class='ocrx_word' id='word_1_238' title='bbox 457 3635 605 3720; x_wconf 88' lang='lat' dir='ltr'>fluvium,</span> <span class='ocrx_word' id='word_1_239' title='bbox 623 3658 722 3721; x_wconf 90' lang='lat' dir='ltr'>quam</span> <span class='ocrx_word' id='word_1_240' title='bbox 738 3637 834 3722; x_wconf 88' lang='lat' dir='ltr'>longa</span> <span class='ocrx_word' id='word_1_241' title='bbox 849 3645 909 3720; x_wconf 91' lang='lat' dir='ltr'>est,</span> <span class='ocrx_word' id='word_1_242' title='bbox 930 3645 1024 3702; x_wconf 89' lang='lat' dir='ltr'>nocte</span> <span class='ocrx_word' id='word_1_243' title='bbox 1040 3645 1229 3704; x_wconf 87' lang='lat' dir='ltr'>tumentem</span> 
     </span>
     <span class='ocr_line' id='line_1_33' title="bbox 246 3740 1039 3827; baseline -0.003 -19"><span class='ocrx_word' id='word_1_244' title='bbox 246 3741 367 3824; x_wconf 88' lang='lat' dir='ltr'>Leniit,</span> <span class='ocrx_word' id='word_1_245' title='bbox 386 3747 419 3805; x_wconf 88' lang='lat' dir='ltr'>et</span> <span class='ocrx_word' id='word_1_246' title='bbox 435 3740 539 3806; x_wconf 87' lang='lat' dir='ltr'>tacita</span> <span class='ocrx_word' id='word_1_247' title='bbox 554 3741 693 3806; x_wconf 84' lang='lat' dir='ltr'>refluens</span> <span class='ocrx_word' id='word_1_248' title='bbox 708 3741 757 3805; x_wconf 92' lang='lat' dir='ltr'>ita</span> <span class='ocrx_word' id='word_1_249' title='bbox 773 3741 924 3807; x_wconf 87' lang='lat' dir='ltr'>substitit</span> <span class='ocrx_word' id='word_1_250' title='bbox 939 3743 1039 3827; x_wconf 91' lang='lat' dir='ltr'>unda,</span> 
     </span>
    </p>

    <p class='ocr_par' dir='ltr' id='par_1_22' title="bbox 247 3845 1085 3932">
     <span class='ocr_line' id='line_1_34' title="bbox 247 3845 1085 3932; baseline 0.002 -21"><span class='ocrx_word' id='word_1_251' title='bbox 247 3846 342 3912; x_wconf 88' lang='lat' dir='ltr'>Mitis</span> <span class='ocrx_word' id='word_1_252' title='bbox 357 3852 397 3909; x_wconf 92' lang='lat' dir='ltr'>ut</span> <span class='ocrx_word' id='word_1_253' title='bbox 412 3845 447 3910; x_wconf 93' lang='lat' dir='ltr'>in</span> <span class='ocrx_word' id='word_1_254' title='bbox 462 3866 585 3908; x_wconf 92' lang='lat' dir='ltr'>morem</span> <span class='ocrx_word' id='word_1_255' title='bbox 601 3847 715 3931; x_wconf 87' lang='lat' dir='ltr'>stagni</span> <span class='ocrx_word' id='word_1_256' title='bbox 724 3847 939 3932; x_wconf 90' lang='lat' dir='ltr'>placidaeque</span> <span class='ocrx_word' id='word_1_257' title='bbox 955 3847 1085 3932; x_wconf 88' lang='lat' dir='ltr'>paludis</span> 
     </span>
    </p>

    <p class='ocr_par' dir='ltr' id='par_1_23' title="bbox 249 3948 1166 4032">
     <span class='ocr_line' id='line_1_35' title="bbox 249 3948 1166 4032; baseline 0.001 -15"><span class='ocrx_word' id='word_1_258' title='bbox 249 3951 415 4018; x_wconf 88' lang='lat' dir='ltr'>Sterneret</span> <span class='ocrx_word' id='word_1_259' title='bbox 431 3967 551 4031; x_wconf 90' lang='lat' dir='ltr'>aequor</span> <span class='ocrx_word' id='word_1_260' title='bbox 566 3948 669 4032; x_wconf 88' lang='lat' dir='ltr'>aquis,</span> <span class='ocrx_word' id='word_1_261' title='bbox 687 3970 772 4014; x_wconf 88' lang='lat' dir='ltr'>remo</span> <span class='ocrx_word' id='word_1_262' title='bbox 787 3958 827 4015; x_wconf 89' lang='lat' dir='ltr'>ut</span> <span class='ocrx_word' id='word_1_263' title='bbox 842 3950 1011 4016; x_wconf 87' lang='lat' dir='ltr'>luctamen</span> <span class='ocrx_word' id='word_1_264' title='bbox 1026 3951 1166 4020; x_wconf 91' lang='lat' dir='ltr'>abesset.</span> 
     </span>
    </p>
   </div>
   <div class='ocr_carea' id='block_1_3' title="bbox 0 0 1456 4518">
    <p class='ocr_par' dir='ltr' id='par_1_24' title="bbox 0 0 1456 4518">
     <span class='ocr_line' id='line_1_36' title="bbox 0 0 1456 4518; baseline 0 0"><span class='ocrx_word' id='word_1_265' title='bbox 0 0 1456 4518; x_wconf 95' lang='lat' dir='ltr'> </span> 
     </span>
    </p>
   </div>
  </div>
 </body>
</html>
