2898 4518
493 320 664 372 snunrnos
686 321 752 370 nra.
776 320 850 368 vm.
1145 301 1209 366 183

145 483 199 550 Ut
214 489 355 548 ventum
369 482 412 548 ad
429 482 541 547 sedes:
568 479 590 514 “
601 480 694 546 Haec
705 483 725 510 ’'
740 479 850 564 inquit
867 479 888 514 “
897 479 1014 546 limina
1029 479 1132 545 victor

145 587 315 653 “Alcides
331 587 443 669 subiit,
461 585 540 651 haee
556 585 652 650 illum
667 585 756 670 regia
771 585 880 671 cepit:

145 691 168 723 “
181 690 292 774 Ande,
309 691 437 776 hospes,
455 698 659 756 contemnere
675 712 761 776 opes,
778 699 812 756 et
828 698 862 755 te
879 710 1010 776 quoque
1026 689 1165 778 dignum

145 795 288 882 “Finge
304 797 374 879 deo,
392 796 552 881 rebusque
567 795 642 862 veni
656 818 722 861 non
738 817 832 882 asper
847 796 985 882 egenis.”
1142 797 1209 862 365

111 929 124 952 ·
145 899 255 984 Dixit,
273 908 307 964 et
323 899 457 985 angusti
472 901 585 966 subter
599 900 732 986 fastigia
748 900 829 965 tecti

144 1005 323 1091 Ingentem
338 1005 478 1078 Aenean
492 1005 599 1089 duxit,
617 1005 793 1090 stratisque
808 1004 928 1069 locavit

72 1107 78 1118 '
143 1109 313 1176 Effultum
328 1110 411 1176 foliis
428 1118 461 1176 et
476 1110 562 1196 pelle
577 1109 757 1195 Libystidis
772 1131 875 1176 ursae.

214 1215 293 1280 Nox
309 1215 375 1280 ruit
391 1223 425 1280 et
441 1215 542 1282 fuscis
559 1216 710 1280 tellurem
725 1215 938 1301 amplectitur
952 1215 1021 1281 alis.

143 1318 194 1386 At
211 1319 328 1385 Venus
339 1320 432 1387 ,haud
447 1319 556 1385 animo
571 1319 795 1404 nequidquam
810 1319 966 1384 exterrita
982 1326 1098 1404 mater,
1144 1315 1211 1385 370

143 1424 417 1509 Laurentumque
433 1424 530 1490 minis
545 1432 579 1489 et
594 1425 676 1490 duro
690 1431 782 1489 mota
797 1424 959 1509 tumultu,

144 1530 339 1596 Vulcanum
353 1531 541 1616 alloquitur,
559 1531 768 1615 thalamoque
783 1531 862 1596 haec
878 1530 1027 1617 conjugis
1044 1551 1141 1597 aureo

145 1635 281 1722 Incipit,
299 1644 333 1700 et
348 1635 445 1701 dictis
460 1635 610 1702 divinum
625 1636 771 1722 adspirat
786 1658 947 1704 amorem:

146 1739 274 1804 “Dum
290 1741 376 1806 bello
391 1741 539 1826 Argolici
554 1741 730 1806 vastabant
747 1742 907 1828 Pergama
924 1763 1014 1828 reges

146 1843 168 1875 “
184 1843 309 1908 Debita
324 1865 517 1929 casurasque
532 1844 672 1910 inimicis
686 1845 818 1930 ignibus
834 1867 933 1929 arces,
1144 1839 1209 1910 375

147 1947 260 2012 “Non
276 1949 381 2013 ullum
397 1949 557 2013 auxilium
573 1949 707 2033 miseris,
725 1971 790 2014 non
806 1971 897 2014 arma
912 1948 1021 2034 rogavi

147 2051 276 2116 “Artis
293 2052 428 2138 opisque
444 2059 532 2136 tuae,
550 2075 608 2118 neo
625 2062 670 2134 te,
687 2053 851 2119 carissime
867 2053 1000 2138 conjux,

146 2155 168 2188 “
182 2156 393 2222 Incassumve
410 2164 483 2222 tuos
499 2157 587 2222 volui
602 2179 748 2223 exercere
765 2157 911 2240 labores;

147 2259 169 2292 “
186 2261 344 2340 Quamvis
359 2269 392 2326 et
409 2261 534 2327 Priami
548 2263 700 2328 deberem
716 2262 858 2348 plurima
874 2261 972 2346 natis,

146 2364 228 2429 “Et
244 2365 364 2429 durum
380 2366 511 2431 Aeneae
526 2367 685 2432 flevissem
702 2389 796 2452 saepe
811 2367 963 2434 laborem.
1144 2369 1211 2434 380
1306 2355 1309 2362 ’

146 2469 169 2502 “
183 2469 283 2534 Nune
298 2469 390 2536 Jovis
405 2471 549 2556 imperiis
565 2472 767 2537 Rutulorum
782 2473 934 2538 constitit
950 2474 1013 2539 oris
1028 2495 1036 2540 ε

148 2574 272 2660 “Ergo
286 2576 398 2640 eadem
414 2578 554 2662 supplex
569 2578 672 2662 venio,
691 2585 725 2642 et·
741 2580 892 2644 sanctum
907 2579 990 2644 mihi
1005 2601 1128 2646 numen

147 2679 169 2711 “
183 2679 289 2744 Arma
304 2702 388 2766 rogo,
405 2681 555 2767 genetrix
570 2690 657 2749 nato.
705 2684 753 2747 Te
768 2684 836 2748 filia
852 2684 960 2768 Nerei,

147 2782 170 2815 “
184 2782 234 2846 'Pe
248 2784 360 2869 potuit
375 2785 516 2851 lacrimis
533 2785 688 2852 Tithonia
703 2788 832 2854 flectere
849 2789 976 2874 conjux.

148 2887 171 2921 “
185 2887 340 2973 Adspice,
358 2890 416 2974 qui
431 2897 550 2956 cedant
565 2893 688 2977 populi,
706 2914 790 2978 quae
807 2896 934 2960 moenia
949 2897 1069 2962 clausis
1145 2898 1211 2963 385

147 2992 320 3058 “Ferrum
336 3002 457 3060 acuant
473 2995 574 3080 portis
589 2996 625 3060 in
640 3018 693 3062 me
709 2999 936 3085 excidiumque
953 3004 1131 3068 meorum.”

148 3098 299 3182 Dixerat,
317 3107 351 3163 et
366 3099 469 3165 niveis
484 3101 561 3166 hinc
578 3108 678 3186 atque
694 3103 770 3168 hinc
785 3105 861 3170 diva
876 3106 1007 3170 lacertis

148 3202 374 3268 Cunctantem
390 3205 546 3291 amplexu
562 3206 652 3271 molli
667 3207 762 3274 fovet.
810 3209 871 3273 Ille
887 3218 1018 3294 repente

148 3307 290 3394 Accepit
306 3307 438 3374 solitam
452 3310 632 3394 flammam,
651 3319 815 3396 notusque
830 3313 990 3378 medullas

147 3412 293 3477 Intravit
310 3413 397 3477 calor
411 3420 445 3478 et
459 3414 623 3479 labefacta
637 3435 695 3500 per
710 3436 782 3480 ossa
798 3416 951 3500 cucurrit,
1147 3421 1213 3486 390

148 3515 225 3581 Non
240 3538 332 3582 seeus
348 3525 448 3602 atque
465 3518 554 3602 olim,
571 3519 697 3585 tonitru
713 3541 817 3604 quum
833 3528 932 3606 rupta
948 3543 1080 3590 corusco

149 3621 252 3707 Ignea
267 3622 352 3686 rima
367 3622 492 3687 micans
507 3623 666 3708 percurrit
682 3623 806 3688 lumine
821 3625 956 3695 nimbos.

150 3726 259 3792 Sensit
274 3727 365 3791 laeta
380 3727 461 3791 dolis
477 3735 511 3791 et
525 3727 649 3792 formae
664 3728 791 3792 conscia
806 3728 934 3814 conjux.
1002 3723 1005 3730 ’

150 3831 238 3897 'Pum
253 3837 354 3917 pater
368 3838 499 3895 aeterno
513 3831 602 3896 fatur
616 3831 789 3899 devinctus
805 3855 934 3904 amore:

148 3937 272 4020 “Quid
289 3953 406 3999 causas
422 3933 507 4020 petis
523 3955 565 3999 ex
580 3935 674 4002 alto?
699 3936 819 4004 fiducia
833 3940 930 4006 cessit
1147 3942 1213 4009 395
