2898 4518
246 347 304 436 82,
605 364 774 412 nanninus
797 331 861 413 nris.
886 365 933 412 rv.

248 521 373 588 “Ante
388 523 503 608 fugam
519 523 656 610 suboles,
673 525 701 590 si
717 524 789 610 quis
804 523 886 588 mihi
901 523 1056 609 parvulus
1072 522 1149 587 aula

248 626 269 662 “
280 627 424 694 Luderet
440 628 579 714 Aeneas,
596 631 702 715 quite
718 638 830 695 tamen
845 651 899 695 ore
914 629 1067 711 referret3

247 733 269 766 “
281 732 357 798 Non
373 733 523 819 equidem
538 735 673 800 omnino
688 740 786 821 capta
801 754 839 799 ac
854 732 983 798 deserta
997 730 1160 802 viderer.’'
1243 733 1311 798 330

247 838 384 904 Dixerat
397 860 406 922 3
431 838 486 904 ille
501 838 525 904 J
526 839 594 904 ovis
609 839 743 904 monitis
757 839 896 903 immota
912 837 1048 903 tenebat

246 944 399 1028 Lumina,
417 951 451 1009 et
467 942 605 1008 obnixus
621 963 733 1008 curam
749 943 811 1008 sub
827 942 920 1007 cordo
937 942 1116 1027 premebat.

247 1049 397 1113 Tandem
411 1069 518 1134 pauca
533 1047 648 1114 refert:
676 1046 781 1133 “Ego
798 1054 841 1130 te,
860 1067 943 1131 quae
959 1046 1101 1131 plurime
1116 1045 1219 1110 fando

249 1151 482 1218 “Enumerare
497 1152 595 1236 vales,
612 1171 805 1236 numquam,
822 1149 944 1235 regine,
962 1149 1086 1236 negabo

137 1311 143 1322 .
249 1257 269 1290 “
282 1256 508 1340 Promeritam,
526 1277 585 1321 neo
601 1277 654 1320 me
670 1255 854 1320 meminisse
870 1254 995 1341 pigebit
1011 1254 1148 1338 Elissae,
1242 1254 1310 1319 335

250 1361 271 1394 “
289 1362 381 1427 Dum
395 1383 518 1427 memor
532 1361 602 1448 ipse
619 1360 694 1445 mei,
712 1361 793 1425 dum
809 1360 942 1445 spiritus
956 1359 1015 1424 hos
1030 1359 1113 1444 regit
1129 1365 1231 1424 artus.

250 1467 268 1500 “
284 1467 347 1532 Pro
362 1487 395 1531 re
411 1487 517 1552 peuce
531 1467 653 1552 loquar.
694 1465 810 1548 Neque
826 1485 883 1549 ego
895 1465 980 1529 hano
997 1462 1191 1528 abscondere
1205 1461 1295 1526 furto

250 1570 269 1603 “
285 1570 476 1656 Speravi-ne
490 1569 717 1656 finge-iugem,
735 1589 794 1633 nec
811 1567 957 1654 conjugis
972 1587 1133 1652 umquam

249 1675 268 1708 ¹‘
281 1675 457 1741 Praetendi
472 1676 595 1760 taedas,
614 1683 673 1740 eut
688 1675 767 1740 haee
783 1675 819 1739 in
834 1674 962 1740 foedera
977 1673 1059 1739 veni.

172 1851 175 1856 ,
247 1779 269 1814 “
283 1780 338 1845 Me
355 1781 382 1846 si
396 1779 468 1846 ieta
483 1781 564 1847 meis
579 1787 771 1867 peterentur
786 1781 901 1846 ducere
916 1779 1022 1844 vitem
1240 1774 1309 1840 340

247 1884 445 1972 “Auspiciis
462 1893 496 1950 et
512 1893 627 1970 sponte
643 1906 717 1950 mea
733 1889 921 1971 componere
938 1904 1051 1966 oures3

247 1989 408 2056 “Urbem
424 1989 597 2076 Trojanam
611 1990 755 2076 primum
770 1991 944 2074 dulcesque
960 2007 1106 2053 meorum

247 2094 451 2181 “Reliquias
466 2096 613 2180 colerem,
632 2094 756 2159 Priami
772 2101 862 2160 tecta
877 2094 944 2158 alta
959 2099 1139 2174 manerent,

247 2199 267 2232 “
280 2201 327 2265 Et
342 2199 483 2266 recidiva
497 2221 600 2265 manu
614 2199 794 2285 posuissem
809 2199 969 2284 Pergama
984 2196 1087 2262 victis.

247 2293 268 2338 “
282 2305 346 2371 Sed
361 2326 448 2370 nune
464 2304 598 2370 Italiam
613 2325 768 2390 magnam
785 2303 934 2388 Gryneus
951 2301 1079 2388 Apollo,
1240 2299 1308 2368 345

246 2407 417 2474 “Italiam
432 2409 552 2495 Lyciae
563 2408 687 2495 jussere
703 2429 867 2495 capessere
883 2415 1002 2474 sortes:

245 2512 266 2546 “
280 2513 343 2577 Hic
360 2535 459 2598 amor,
475 2514 554 2579 haee
571 2513 679 2600 patria
696 2521 754 2580 est.
803 2513 886 2580 Sita
904 2511 1111 2598 Carthaginis
1126 2531 1227 2594 arces,

245 2616 267 2650 “
280 2617 501 2702 Phoenissam,
519 2618 724 2702 Libycaeque
740 2618 916 2702 adspectus
931 2617 1058 2681 detinet
1073 2615 1183 2681 urbis:

172 2717 175 2722 ’
245 2721 372 2803 “Quae
389 2723 535 2807 tandem,
553 2722 701 2788 Ausonia
717 2721 857 2786 Teucros
873 2720 1036 2786 considere
1051 2727 1147 2804 terra,

246 2825 268 2858 “
280 2826 505 2892 Invidia'est?
531 2827 578 2892 Et
593 2847 651 2892 nos
666 2826 715 2890 fas
730 2833 842 2890 extera
858 2845 1009 2910 quaerere
1025 2845 1130 2910 regna.
1239 2824 1308 2890 350

245 2929 266 2963 “
279 2915 334 2994 Me
349 2931 454 3017 patris
469 2930 643 3016 Anchisae,
661 2931 787 3016 quoties
802 2929 1015 2994 humentibus
1030 2927 1154 2992 umbris

246 3034 268 3067 “
282 3035 359 3099 Nox
373 3035 477 3120 operit
493 3043 602 3120 terres,
619 3035 747 3120 quoties
763 3041 852 3099 astra
866 3034 963 3119 ignea
980 3039 1128 3118 surgunt,

233 3138 266 3171 '⁶‘
278 3137 446 3205 Admonet
461 3139 497 3204 in
513 3139 633 3205 somnis
649 3147 682 3205 et
698 3139 830 3204 turbida
846 3146 945 3203 terret
960 3138 1088 3222 imag03

244 3242 266 3276 “
279 3243 334 3308 Me
349 3265 430 3330 puer
444 3243 605 3310 Ascanius
621 3244 802 3330 capitisque
816 3243 935 3330 injuria
950 3242 1026 3326 cari,

245 3348 385 3428 “Quem
400 3370 499 3436 regno
514 3349 691 3435 Hesperiae
707 3349 821 3414 fraudo
837 3355 871 3412 et
886 3347 1042 3412 fatalibus
1058 3345 1151 3411 arvis.
1238 3348 1304 3412 355

245 3451 266 3486 “
279 3453 312 3517 N
314 3473 377 3518 uno
394 3454 495 3518 etiam
508 3453 667 3539 interpres
683 3454 807 3537 divum,
824 3452 848 3518 J
849 3473 906 3518 ove
922 3451 1040 3516 missus
1056 3451 1097 3514 ab
1113 3450 1199 3535 ipso-

243 3557 265 3590 “
280 3557 395 3621 Testor
409 3565 587 3642 utrumque
603 3564 730 3643 caput,
747 3557 864 3622 celeres
879 3555 1037 3618 mandata
1053 3573 1110 3638 per
1124 3574 1222 3618 auras

245 3659 266 3692 “
278 3660 431 3726 Detulit:
455 3660 525 3746 ipse
540 3662 639 3726 deum
655 3660 827 3725 manifesto
842 3659 877 3723 in
893 3657 1017 3722 lumine
1033 3657 1101 3721 vidi

244 3765 265 3798 “
277 3765 464 3830 Intrantem
476 3786 596 3850 muros,
613 3787 788 3850 vocemque
804 3765 854 3830 his
870 3762 1003 3829 auribus
1018 3761 1121 3829 hausi.

243 3869 264 3902 “
279 3869 399 3934 Desine
415 3890 531 3954 meque
547 3870 614 3934 tuis
629 3869 799 3934 incendere
815 3877 914 3954 teque
930 3866 1085 3953 querelis:
1237 3867 1302 3933 360
1399 3937 1409 3962 ·

243 3972 265 4006 “
277 3973 413 4038 Italiam
428 3995 493 4038 non
509 3980 624 4059 sponte
640 3976 784 4058 sequor.’'
