2944 4522
497 326 669 374 Amemus
692 329 756 376 LIB.
781 329 855 376 VIII.

148 484 198 549 Et
214 483 316 550 scissa
331 485 478 570 gaudens
494 485 586 551 vadit
603 486 771 552 Discordia
786 488 885 573 palla,

151 589 263 669 Quam
278 609 358 653 oum
371 588 547 673 sanguineo
563 590 712 674 sequitur
727 591 862 656 Bellona
877 591 1016 678 flagello.

150 693 273 758 Actius
288 693 370 757 haee
385 713 518 758 cernens
534 715 645 758 arcum
661 694 852 760 intendebat
869 695 989 782 Apollo

151 798 319 883 Desuper:
344 797 448 862 omnis
464 819 500 862 eo
515 804 632 862 terrore
648 797 820 884 Aegyptus
836 807 869 864 et
887 801 973 886 Indi,
1147 798 1213 870 705

154 902 273 968 Omnis
288 902 407 986 Arabs,
424 903 718 967 omnesvertebant
734 910 827 988 terga
844 903 962 970 Sabaei
978 919 1003 986 ;'

151 1008 233 1092 Ipsa
247 1007 421 1071 videbatur
436 1006 542 1071 ventis
557 1006 668 1092 regina
683 1007 807 1072 vocatis

151 1113 237 1177 Vela
253 1113 340 1196 dare,
358 1119 391 1176 et
406 1112 497 1177 laxos
507 1111 579 1197 jam
590 1111 724 1196 jamque
739 1111 918 1176 immittere
932 1112 1034 1180 funes.

151 1219 251 1282 Illam
267 1217 355 1282 inter
369 1217 485 1282 caedes
500 1216 681 1302 pallentem
696 1223 800 1280 morte
815 1217 929 1282 futura

150 1322 291 1386 Fecerat
306 1320 490 1406 ignipotens
506 1320 603 1385 undis
619 1327 652 1384 et
668 1320 791 1405 Iapyge
805 1320 881 1384 ferri
895 1341 903 1402 ;
1144 1319 1211 1389 710

152 1426 275 1511 Contra
290 1432 403 1489 autem
419 1445 536 1510 magno
551 1432 752 1488 maerentem
767 1445 895 1509 corpore
912 1425 1039 1510 Nilum,

154 1531 428 1613 Pandentemque
444 1529 533 1594 sinus
549 1536 583 1592 et
600 1535 672 1593 tota
687 1536 778 1593 veste
795 1537 964 1594 vocantem

152 1633 347 1700 Caeruleum
361 1633 398 1697 in
412 1633 571 1718 gremium
586 1633 809 1718 latebrosaque
824 1634 962 1700 flumina
978 1635 1088 1703 victos.

152 1740 200 1804 At
219 1739 348 1822 Caesar,
365 1736 488 1822 triplici
503 1737 652 1802 invectus
669 1737 818 1803 Romans
833 1739 1001 1826 triumpho

151 1842 294 1926 Moenia,
310 1843 362 1907 dis
378 1841 473 1906 Italis
489 1849 603 1906 votum
618 1843 801 1922 immortale
817 1844 976 1927 sacrabat,
1145 1842 1211 1912 715

151 1948 299 2013 Maxima
314 1955 500 2012 tercentum
517 1953 623 2011 totam
639 1948 773 2013 delubra
788 1969 847 2033 per
863 1947 997 2014 Urbem.

150 2053 298 2118 Laetitia
314 2052 470 2136 ludisque·
480 2053 552 2117 viae
568 2055 750 2138 plausuque
766 2053 969 2135 fremebant;

151 2157 312 2224 Omnibus
327 2156 363 2221 in
378 2156 511 2243 templis
527 2163 673 2222 matrum
688 2156 815 2240 chorus,
832 2157 982 2222 omnibus
998 2179 1091 2240 arae3

150 2262 243 2327 Ante
259 2283 332 2326 aras
347 2268 469 2326 terram
485 2261 570 2326 oaesi
586 2268 727 2326 stravere
740 2261 882 2346 juvenci.

150 2367 238 2452 Ipse,
256 2366 371 2431 sedens
388 2365 481 2428 niveo
496 2366 666 2431 candentis
681 2365 793 2430 limine
809 2365 942 2450 Phoebi,
1145 2363 1211 2435 720

152 2471 249 2536 Dona
264 2469 463 2555 recognoscit
478 2469 683 2555 populorum,
701 2477 862 2556 optatque
878 2471 1025 2556 superbis

152 2575 327 2640 Postibus:
351 2574 507 2638 incedunt
523 2574 630 2640 victae
645 2575 740 2660 longo
756 2576 868 2644 ordine
883 2583 1008 2662 gentes,

152 2681 261 2760 Quam
276 2679 383 2742 variae
394 2677 526 2763 linguis,
545 2678 664 2744 habitu
681 2688 751 2744 tam
765 2680 864 2746 vestis
879 2687 913 2746 et
930 2681 1035 2748 armis.

152 2783 217 2848 Hic
233 2783 422 2848 Nomadum
437 2805 539 2868 genus
555 2791 588 2848 et
604 2784 777 2850 discinctos
794 2785 953 2851 Mulciber
968 2786 1075 2871 Afros,

152 2888 217 2953 Hic
233 2888 370 2973 Lelegas
386 2886 550 2973 Carasque
567 2887 828 2975 sagittiferosque
845 2889 984 2956 Gelonos
1140 2886 1206 2957 725
1250 2937 1252 2944 ι

151 2991 310 3056 Finxerat
324 3011 334 3073 ;
359 2991 547 3076 Euphrates
562 2991 633 3056 ibat
645 2991 715 3076 jam
730 2993 856 3058 mollior
870 2995 977 3077 undis,
1211 3023 1212 3026 ¹

151 3095 367 3180 Extremique
382 3095 553 3160 hominum
569 3095 697 3180 Morini,
715 3097 913 3181 Rhenusque
928 3097 1077 3181 bicornis,

151 3200 374 3285 Indomitique
392 3200 517 3284 Dahae,
535 3209 568 3266 et
584 3209 718 3286 pontem
733 3201 925 3288 indignatus
940 3200 1075 3266 Araxes.

151 3304 248 3370 Talia
263 3326 321 3390 per
336 3304 478 3390 clipeum
493 3304 646 3390 Vulcani,
663 3302 748 3372 dona
763 3291 920 3391 parentis,

151 3408 304 3492 Miratur,
321 3428 492 3492 rerumque
507 3408 638 3495 ignarus
652 3409 794 3494 imagine
810 3409 943 3494 gaudet,
1145 3403 1211 3476 730

151 3511 317 3578 Attollens
332 3511 468 3576 humero
482 3512 670 3599 famamque
686 3520 720 3578 et
734 3512 807 3576 fata
821 3517 989 3598 nepotum.

419 3611 438 3671 9
