2944 4522
500 342 671 390 1111111155
694 344 758 391 nm.
783 344 841 392 111.
1131 324 1196 390 291

136 504 282 572 Excutit
299 501 505 586 effunditque
522 501 589 567 5515
602 520 611 568 t
635 501 723 566 hunc
738 503 807 567 lora
822 510 855 567 et
866 500 948 587 juga
963 501 1075 566 subter

101 682 104 688 ,
139 609 332 674 Ρ151511515
348 613 436 672 rotae
450 625 460 688 3
485 606 594 670 crebro
610 626 707 691 super
721 605 847 690 ungula
864 605 963 690 pulsu

139 713 249 778 Incite
265 733 325 776 nec
341 709 466 776 domini
481 730 663 774 memorum
678 709 847 794 proculcat
862 730 1027 794 equorum.

138 817 201 881 ille
218 815 327 881 ruenti
343 814 444 899 Hyllo
461 813 642 899 animisque
657 813 801 878 immane
815 814 968 880 frementi
1133 811 1198 878 535

84 995 90 1004 ,
141 920 306 1004 Occurrit,
320 921 489 1004 telumque
506 925 623 983 aurata
637 919 680 984 ad
696 925 844 1003 tempora
858 925 1007 1003 torquet:

141 1025 212 1090 Olli
227 1045 284 1109 per
299 1024 426 1109 galeam
441 1023 507 1088 fixo
523 1021 617 1087 stetit
632 1022 730 1088 hasta
745 1022 884 1088 cerebro.

140 1129 287 1193 Dextera
302 1148 362 1192 neo
379 1133 498 1211 tuate,
516 1124 654 1191 Graium
669 1125 854 1209 fortissime,
872 1112 1027 1208 Oretheu,

138 1231 275 1316 Eripuit
292 1231 426 1311 Turno;
451 1250 511 1294 nec
526 1229 560 1294 di
576 1237 685 1294 texere
703 1228 909 1315 Cupencum,

139 1335 255 1400 Aenea
270 1335 430 1417 veniente,
448 1333 519 1399 sui:
545 1333 637 1398 dedit
653 1332 747 1400 obvia
761 1333 843 1398 ferro
1132 1331 1199 1399 540

139 1441 290 1523 Ρ551515,
307 1460 366 1504 nec
382 1439 499 1504 misero
514 1438 610 1524 clipei
624 1459 715 1504 mora
729 1437 852 1524 profuit
868 1437 960 1504 aerei.

140 1543 188 1608 Te
204 1563 332 1628 quoque
349 1542 528 1608 Laurentes
544 1543 705 1627 viderunt,
722 1543 833 1627 Aeole,
851 1542 961 1630 campi

26 1705 29 1714 ,
140 1647 303 1732 Oppetere
319 1655 353 1713 et
367 1647 434 1712 late
450 1655 571 1712 terram
587 1655 787 1712 consternere
803 1655 914 1732 tergo:

141 1751 283 1836 Occidis,
299 1751 441 1838 Argivae
457 1773 554 1837 quem
569 1773 634 1817 non
649 1758 783 1838 potuere
797 1753 976 1838 phalanges

140 1855 301 1940 Sternere,
318 1878 378 1922 nec
395 1856 519 1921 Priami
537 1877 707 1942 regnorum
724 1877 848 1922 eversor
862 1856 1029 1938 Achilles;
1131 1855 1196 1922 545

131 1959 207 2026 'Hic
223 1961 286 2026 tibi
301 1961 414 2026 mortis
431 1969 522 2026 erant
539 1967 657 2044 metae,
675 1962 792 2026 domus
808 1961 877 2026 alta
892 1960 952 2024 sub
968 1959 1039 2044 Ida,

138 2064 275 2150 Lyrnesi
290 2066 405 2131 domus
421 2065 499 2150 alta,
517 2065 584 2130 solo
598 2065 763 2130 Laurente
780 2066 974 2150 sepulcrum.

140 2171 248 2236 Totae
263 2171 344 2236 adeo
360 2192 530 2236 conversae
546 2171 640 2256 acies,
657 2192 832 2256 omnesque
848 2169 971 2254 Latini,

139 2277 261 2343 Omnes
277 2275 495 2360 Dardanidae,
514 2275 716 2361 Mnestheus,
734 2297 871 2361 acerque
889 2277 1048 2360 Serestus,

139 2382 187 2446 Et
202 2380 374 2467 Messapus
390 2388 512 2466 equum
527 2382 677 2466 domitor,
694 2390 728 2446 et
743 2381 837 2447 fortis
853 2380 973 2465 Asilas,
1131 2381 1197 2447 550

141 2485 389 2570 Tuscorumque
404 2484 561 2570 phalanx,
578 2486 789 2571 Evandrique
805 2485 949 2551 Arcades
966 2485 1046 2551 alae.

140 2591 204 2655 Pro
222 2611 255 2655 se
271 2591 409 2674 quisque
424 2589 484 2653 viri
500 2611 630 2654 summa
644 2590 798 2655 nituntur
813 2608 912 2676 opum
927 2590 978 2657 vi:

140 2695 211 2760 Nec
228 2717 327 2776 mora,
345 2716 403 2760 nec
421 2694 546 2779 requies
561 2716 570 2776 3
594 2701 687 2759 vasto
702 2696 880 2760 certamine
896 2697 1046 2763 tendunt.

208 2798 273 2864 Hic
288 2807 434 2864 mentem
449 2799 579 2863 Aeneae
595 2799 743 2883 genetrix
759 2801 975 2885 pulcherrima
991 2800 1092 2884 misit,

139 2904 207 2968 Iret
223 2912 262 2968 ut
279 2905 322 2968 ad
336 2924 456 2987 muros,
472 2902 610 2986 urbique
625 2904 806 2968 adverteret
821 2927 939 2989 agmen
1131 2905 1196 2970 555

139 3006 238 3072 Ocius
254 3014 288 3072 et
304 3007 413 3072 subita
424 3006 573 3071 turbaret
588 3006 681 3071 clade
697 3007 842 3075 Latinos.

137 3110 211 3194 Ille,
228 3117 268 3174 ut
284 3110 449 3196 vestigans
465 3110 591 3175 diversa
605 3131 662 3194 per
677 3109 810 3196 agmina
826 3110 975 3175 Turnum
1049 3101 1053 3106 ’

137 3214 215 3280 Η115
232 3221 333 3299 atque
348 3214 413 3280 huo
429 3213 515 3280 acies
530 3214 743 3298 circumtulit,
760 3215 900 3301 adspicit
916 3215 1030 3279 urbem

137 3319 328 3383 Immunem
343 3318 432 3382 tanti
445 3318 523 3383 belli
539 3325 639 3403 atque
654 3320 787 3403 impune
803 3319 959 3404 quietam.

138 3424 305 3490 Oontinuo
321 3444 450 3509 pugnae
465 3425 614 3489 accendit
629 3424 758 3510 majoris
772 3424 900 3510 imago:
1129 3423 1197 3490 560

138 3527 312 3593 Mnesthea
328 3528 580 3613 Sergestumque
594 3535 691 3593 vocat
706 3528 886 3612 fortemque
904 3528 1071 3594 Serestum

138 3632 309 3717 Ductores,
327 3633 559 3717 tumulumque
575 3633 674 3718 capit,
692 3653 756 3716 quo
773 3639 880 3697 cetera
897 3632 1064 3698 Teucrum

138 3739 309 3804 Concurrit
324 3737 419 3824 legio,
435 3758 494 3802 nec
512 3745 606 3802 151115
621 3745 681 3803 ant
697 3738 823 3823 spicula
838 3738 930 3803 densi

137 3844 326 3928 Deponunt.
377 3841 471 3907 Celso
485 3841 611 3908 medius
627 3850 718 3908 stans
733 3865 848 3930 aggere
863 3843 972 3909 fatur:

137 3947 160 3982 “
170 3946 241 4013 Nec
258 3967 325 4030 qua
340 3945 421 4010 meis
437 3953 506 4011 esto
523 3947 619 4014 dictis
634 3968 724 4012 mora
734 3987 748 3998 -
759 3947 893 4033 Jupiter
906 3948 967 4013 hac
985 3954 1090 4030 stat,
1131 3947 1196 4013 565
