2922 4516
272 326 340 394 294
629 341 801 390 susumus
823 341 889 391 nra.
914 343 975 390 xri.

273 503 350 568 “Et
366 525 453 569 nunc
469 501 694 590 nequidquam
709 503 795 568 fallis
810 504 879 570 dea.
928 503 992 570 Sed
1007 501 1082 588 quis
1099 501 1243 590 Olympo

272 609 294 644 “
307 611 491 677 Demissam
506 617 618 677 tantos
634 611 738 676 voluit
754 619 788 676 te
802 611 884 676 ferre
900 611 1049 676 labores?
1266 611 1333 678 635

183 791 187 800 ,
272 714 294 748 “
305 715 362 781 An
376 716 485 782 fratris
500 715 609 782 miseri
623 716 730 781 letum
746 723 785 780 ut
801 716 929 782 crudele
945 715 1097 781 videres?

272 820 293 854 “
306 820 395 885 Nam
411 821 490 907 quid
505 843 576 908 ago,
595 829 655 886 aut
671 820 839 907 quaejam
855 821 993 906 spondet
1007 820 1140 885 fortuna
1157 821 1331 888 salutem?

271 925 383 991 “Vidi
398 927 506 992 oculos
522 933 600 992 ante
615 927 684 1013 ipse
700 948 789 992 meos
804 948 857 992 me
872 947 948 992 voce
963 935 1135 993 vocantem

270 1031 294 1064 “
306 1031 511 1117 Murranum,
529 1053 594 1118 quo
608 1055 673 1098 non
689 1042 821 1118 superat
836 1033 918 1098 mihi
935 1033 1142 1117 numerabar,

271 1136 292 1170 “
311 1136 488 1222 Oppetere,
504 1137 683 1222 ingentem,
701 1145 802 1223 atque
819 1137 947 1224 ingenti
962 1139 1095 1204 vulnere
1111 1139 1245 1206 victum.
1265 1139 1333 1206 640

270 1242 433 1309 “Occidit
449 1243 565 1309 infelix
579 1265 620 1309 ne
637 1250 786 1309 nostrum
800 1244 943 1310 dedecus
958 1244 1064 1310 Ufens

270 1350 291 1384 ‘⁵
304 1349 520 1436 Adspiceret;
546 1348 663 1414 Teucri
679 1349 853 1434 potiuntur
868 1371 998 1434 corpore
1015 1357 1049 1414 et
1065 1350 1172 1415 armis.

270 1455 500 1523 “Exscindine
516 1456 649 1521 domos·
659 1455 693 1520 id
709 1455 806 1520 rebus
822 1455 928 1520 defuit
943 1475 1069 1519 unum-

271 1562 293 1593 “
306 1561 486 1647 Perpetiar‚
503 1561 620 1626 dextra
635 1581 695 1625 nec
712 1559 850 1626 Drancis
865 1560 955 1626 dicta
970 1561 1141 1626 refellam?

269 1665 290 1698 “
302 1665 408 1752 Terga
417 1666 512 1750 dabo,
521 1673 554 1730 et
565 1665 716 1731 Turnum
726 1664 911 1750 fugientem
920 1665 998 1730 haec
1009 1674 1094 1730 terra
1103 1665 1252 1730 videbit?
1265 1664 1332 1732 645

269 1770 418 1856 “Usque
433 1771 554 1836 adeone
570 1770 652 1837 mori
667 1769 822 1836 miserum
839 1772 918 1836 est?
956 1770 1023 1836 Vos
1040 1793 1058 1836 o
1074 1770 1155 1836 mihi
1170 1769 1286 1836 Manes

270 1873 385 1940 “Este
400 1875 486 1960 boni,
504 1875 659 1960 quoniam
676 1875 802 1960 superis
818 1895 931 1940 aversa
946 1875 1105 1940 voluntas.

270 1977 291 2011 “
302 1979 423 2046 Sancta
439 1981 481 2046 ad
496 2002 552 2046 vos
567 1979 677 2045 anima
692 1986 792 2064 atque
807 1979 903 2046 istius
919 1979 1028 2045 nescia
1044 1980 1159 2066 culpae

269 2083 290 2116 “
304 2083 518 2170 Descendam,
530 2106 726 2172 magnorum
735 2085 825 2150 haud
836 2106 985 2170 unquam
997 2084 1151 2170 indignus
1163 2085 1333 2150 avorum.''

269 2189 337 2256 Vix
352 2211 390 2255 aa
405 2189 493 2256 fatus
510 2198 601 2273 erat;
626 2189 863 2275 medicamini,
880 2211 963 2274 ecoe,
981 2211 1038 2276 per
1053 2190 1161 2255 hostes
1264 2191 1333 2257 650

268 2294 394 2361 Vectus
410 2315 493 2380 equo
509 2302 683 2382 spumante
701 2295 807 2379 Saces,
824 2295 960 2362 adversa
975 2295 1096 2380 sagitta

270 2398 407 2465 Saucius
422 2420 487 2482 ora,
505 2399 638 2484 ruitque
653 2398 832 2484 implorans
848 2399 979 2464 nomine
997 2399 1165 2466 Turnum:

269 2501 291 2535 “
302 2503 422 2586 Turne,
440 2502 475 2568 in
490 2510 524 2567 te
541 2524 694 2588 suprema
709 2503 819 2570 salus:
845 2503 994 2568 miserere
1009 2509 1163 2571 tuoruml

271 2606 479 2672 “Fulminat
495 2606 625 2674 Aeneas
641 2607 750 2692 armis,
768 2629 976 2694 summasque
991 2609 1137 2674 minatur

270 2709 291 2742 “
305 2709 520 2794 Dejecturum
535 2732 624 2778 arces
640 2711 770 2777 Italum
785 2712 975 2798 excidioque
992 2714 1160 2797 daturum,
1265 2717 1334 2781 655

271 2814 446 2900 “Jamque
461 2816 548 2882 faces
564 2816 607 2881 ad
621 2823 713 2882 tecta
727 2817 850 2883 volant.
897 2817 940 2882 In
955 2825 989 2882 te
1005 2839 1061 2882 ora
1075 2816 1199 2902 Latini,

269 2919 291 2952 ‘⁴
302 2919 344 2984 In
359 2926 394 2984 te
410 2919 518 2986 oculos
533 2919 698 3003 referunt;
723 2927 849 2986 mussat
865 2941 922 2985 rex
932 2921 1002 3006 ipse
1017 2921 1166 3006 Latinus,

269 3023 290 3056 “
304 3023 391 3106 Quos
406 3044 538 3109 generos
553 3031 656 3108 vocet,
673 3031 733 3088 aut
748 3044 831 3108 quae
847 3044 915 3089 sese
930 3025 974 3090 ad
988 3024 1117 3090 foedera
1131 3025 1256 3092 flectat.

271 3129 479 3195 “Praeterea
495 3128 616 3215 regina,
633 3127 687 3193 tui
701 3127 871 3213 fidissima,
889 3129 1005 3194 dextra

271 3233 436 3301 “Occidit
450 3234 524 3320 ipsa
539 3254 608 3317 sua,
625 3233 797 3317 lucemque
813 3233 971 3299 exterrita
987 3233 1083 3320 fugit.
1265 3237 1334 3303 660

270 3339 373 3407 “Soli
389 3361 446 3426 pro
462 3338 564 3424 portis
577 3337 748 3425 Messapus
763 3345 797 3403 et
813 3360 886 3404 acer
901 3339 1025 3405 Atinas

269 3442 291 3475 “
303 3442 500 3509 Sustentant
516 3442 620 3507 aciem
636 3463 645 3524 ;
670 3441 793 3506 circum
807 3441 866 3506 hos
881 3442 1047 3527 utrimque
1062 3442 1242 3529 phalanges

270 3546 291 3580 “
306 3547 404 3614 Stant
419 3546 548 3630 densae,
566 3545 755 3631 strictisque
772 3566 863 3630 seges
878 3547 1087 3613 mucronibus
1102 3548 1210 3612 horret

269 3653 291 3686 “
303 3652 440 3718 Ferrea:
466 3659 505 3718 tu
521 3674 654 3719 currum
669 3653 795 3718 deserto
809 3651 845 3716 in
860 3652 1006 3738 gramine
1021 3674 1128 3718 versas
1141 3653 1158 3719 Ρ
1169 3653 1190 3682 ”

268 3756 454 3843 Obstupuit
469 3757 560 3822 varia
575 3757 729 3823 confusus
744 3755 888 3841 imagine
904 3777 1012 3821 rerum
1266 3759 1335 3826 665

269 3862 411 3944 Turnus,
428 3868 462 3926 et
478 3861 601 3926 obtutu
616 3861 720 3926 tacito
736 3860 839 3936 stetit.
886 3860 1030 3926 Aestuat
1045 3860 1159 3948 ingens

272 3966 347 4033 Uno
362 3965 398 4031 in
412 3967 507 4034 eorde
523 3966 627 4052 pudor
641 3966 810 4050 mixtoque
825 3965 952 4032 insania
966 3967 1061 4033 luctu
