2838 4522
133 287 142 304 ·
219 275 263 341 70
578 294 750 343 snunrnos
773 297 838 345 nra.
863 298 910 346 111.

221 450 387 517 Verrimus
402 459 437 518 et
453 453 546 539 proni
561 455 765 522 certantibus
780 477 920 542 aequora
936 457 1042 526 remis.

220 555 329 621 Sensit
344 563 378 620 et
394 557 437 622 ad
453 555 597 622 sonitum
612 558 700 625 vocis
715 560 854 646 vestigia
869 561 975 630 torsit.

142 659 146 672 '
219 658 344 724 Verum
355 660 414 726 ubi
429 661 521 726 nulla
536 662 634 727 datur
649 664 767 729 dextra
782 665 936 732 affectare
951 674 1108 752 potestas,
1162 685 1171 702 ·
1219 666 1285 736 670

218 763 288 828 Nec
305 765 390 850 potis
407 763 515 847 Ionios
531 766 652 832 fluctus
668 789 806 854 aequare
822 772 1008 854 sequendo;

220 869 405 935 Clamorem
420 870 617 937 immensum
632 873 733 957 tollit,
750 895 815 959 quo
830 882 952 960 pontus
968 884 1002 942 et
1018 897 1131 941 omues

219 974 408 1042 Intremuere
422 978 541 1060 undae,
553 977 750 1062 penitusque
765 979 921 1044 exterrita
936 981 1034 1046 tellus

220 1079 347 1163 Italiac,
365 1079 535 1165 curvisque
550 1080 720 1168 immugiit
736 1083 849 1148 Aetna
865 1085 1017 1152 cavernis.

219 1183 268 1248 At
284 1205 419 1270 genuae
435 1185 524 1252 silvis
541 1185 722 1273 Cyclopum
739 1195 772 1253 et
788 1189 955 1255 montibus
971 1191 1048 1256 altis
1220 1189 1285 1256 675

219 1288 377 1354 Excitum
393 1289 461 1355 ruit
477 1291 520 1356 ad
535 1299 659 1376 portus,
677 1300 710 1358 et
726 1292 823 1358 litora
838 1295 1014 1380 complent.

220 1392 390 1460 Cernimus
405 1396 574 1462 adstantes
588 1397 812 1483 nequidquam
826 1398 951 1464 lumine
967 1407 1058 1464 torvo

220 1500 385 1566 Aetnaeos
400 1500 527 1586 fratres,
545 1503 632 1567 coelo
648 1503 760 1588 capita
775 1505 844 1568 alta
860 1504 1012 1588 ferentes,

221 1605 404 1672 Concilium
418 1607 632 1674 horrendum:
658 1609 769 1693 quales
784 1629 887 1694 quum
903 1610 1024 1674 vertice
1040 1609 1124 1674 celeo

220 1711 342 1776 Atriae
358 1733 496 1796 quercus
511 1720 570 1778 aut
587 1713 746 1778 coniferae
763 1713 920 1800 cyparissi
1218 1715 1284 1780 680

221 1817 458 1903 Constiterant,
476 1819 557 1884 silva
572 1819 641 1884 alta
655 1818 748 1884 Jovis
763 1819 896 1884 lucusve
913 1818 1049 1885 Dianae.

146 1923 150 1931 “
221 1923 423 2008 Praecipites
438 1933 547 1990 metus
563 1915 635 1990 acer
650 1925 730 2010 agit,
748 1945 953 2009 quocumque
970 1926 1123 1990 rudentes

220 2028 384 2093 Excutere
400 2035 434 2093 et
450 2029 557 2094 ventis
572 2029 739 2094 intendere
755 2030 827 2094 vela
843 2029 1013 2112 secundis3

224 2131 364 2218 [Contra
383 2133 475 2219 jussa
489 2141 624 2200 monent
641 2133 771 2218 Heleni,
790 2134 934 2220 Scyllam
949 2142 1049 2220 atque
1067 2133 1282 2220 Charybdim]

224 2237 333 2325 [Inter
347 2246 523 2325 utramque
539 2239 628 2304 viam
641 2239 701 2304 leti
716 2240 899 2305 discrimine
915 2241 1040 2328 parva]
1218 2241 1285 2307 685

226 2342 287 2429 [Ni
303 2352 439 2412 teneant
455 2366 579 2411 cursus.
627 2344 762 2411 Certum
778 2353 828 2411 est
844 2345 921 2411 dare
937 2345 1041 2410 hntea
1055 2346 1164 2432 retro]

221 2450 308 2515 Ecce
324 2456 438 2514 autern
455 2450 574 2514 Boreas
589 2456 731 2536 angusta
745 2451 787 2515 ab
804 2450 877 2515 sede
894 2450 1000 2515 Pelori

223 2553 344 2619 Missus
360 2554 462 2620 adest.
509 2552 594 2618 Vivo
610 2554 837 2640 praetervehor
852 2553 935 2620 ostia
951 2576 1030 2620 saxo

222 2659 403 2745 Pantagiae
419 2658 632 2745 Megarosque
648 2658 737 2724 sinus
754 2659 989 2744 Thapsumque
1001 2659 1176 2745 jacentem.

223 2763 318 2828 Talia
333 2765 537 2829 monstrabat
552 2764 695 2849 relegens
711 2771 817 2828 errata
833 2770 989 2830 retrorsus
1219 2767 1285 2832 690

221 2869 334 2934 Litora
349 2868 598 2953 Achemenides,
615 2890 721 2934 comes
736 2869 872 2934 infelicis
889 2868 991 2936 Ulixi.

291 2974 418 3041 Sicanio
433 2980 605 3060 praetenta
620 2974 694 3040 sinu
705 2973 795 3061 jacet
810 2974 917 3040 insula
933 2981 1046 3040 contra
1172 3051 1189 3064 ,

222 3080 424 3166 Plemyrium
439 3080 603 3146 undosum
616 3101 625 3163 ;
649 3101 769 3146 nornen
784 3079 893 3144 dixere
910 3080 1029 3165 priores
1104 3131 1107 3138 .

222 3186 402 3272 Ortygiam.
450 3185 619 3272 Alpheum
633 3184 723 3250 fama
738 3191 787 3250 est
801 3183 867 3249 huc
883 3183 988 3249 Elidis
1004 3205 1135 3249 amnem

223 3291 379 3359 Occultas
394 3291 496 3378 egisse
511 3290 580 3356 vias
596 3290 709 3355 subter
723 3310 822 3372 mare,
840 3287 898 3373 qui
913 3310 1000 3354 nunc
1220 3290 1285 3352 695

223 3397 296 3480 Ore,
313 3395 490 3480 Arethusa,
507 3403 566 3461 tuo
584 3394 701 3461 Siculis
717 3392 928 3460 confunditur
943 3393 1049 3460 undis.

222 3516 246 3580 J
247 3515 313 3580 ussi
329 3515 466 3580 numina
481 3535 602 3600 magna
616 3513 680 3578 loci
694 3534 894 3597 veneramur,
912 3520 946 3577 et
961 3513 1037 3578 inde

222 3620 392 3706 Exsupero
408 3620 607 3705 praepingue
624 3619 729 3684 solum
746 3617 930 3704 stagnantis
946 3616 1067 3684 Helori.

223 3724 312 3798 Hinc
327 3725 412 3790 altas
428 3732 540 3790 cautes
554 3723 762 3810 projectaque
779 3743 857 3788 saxa
874 3721 1024 3806 Pachyni

224 3830 384 3896 Redimus
398 3852 407 3913 3
432 3837 466 3895 et
480 3829 558 3896 fatis
572 3850 755 3913 numquam
770 3849 920 3894 concessa
934 3827 1056 3892 moveri

226 3935 375 4022 Apparet
392 3933 569 4001 Camarina
585 3933 708 4018 procul,
725 3933 897 4019 campique
914 3931 1017 4017 Geloi,
