2944 4522
240 294 307 362 250
607 313 779 362 nnrnrnos
801 313 866 364 rra.
890 313 939 363 xr.

241 475 275 540 It
290 473 473 560 lacrimans,
490 473 660 561 guttisque
675 475 849 542 humectat
864 475 1043 562 grandibus
1058 496 1122 542 ora.
1260 475 1304 543 90

240 579 384 646 Hastam
399 580 455 646 alii
470 581 661 666 galeamque
676 581 804 647 ferunt:
831 603 910 646 nam
926 588 1035 646 cetera
1052 580 1184 647 Turnus

241 686 356 752 Victor
369 687 476 755 habet.
503 686 592 752 Tum
606 695 733 752 maesta
749 685 905 772 phalanx,
920 686 1102 772 Teucrique
1120 693 1304 772 sequuntur

242 794 466 880 Tyrrhenique
482 815 593 859 omnes
604 801 643 872 ¹et
658 793 758 859 versis
773 793 920 859 Arcades
935 793 1040 859 armis.

242 902 423 986 Postquam
438 899 542 965 omnis
557 899 652 985 longe
667 899 828 964 comitum
843 905 1039 984 processerat
1059 898 1160 980 ordo;

243 1004 401 1073 Substitit
416 1004 556 1090 Aeneas,
568 1005 763 1096 gemituque
778 1007 859 1072 haec
875 1006 979 1072 edidit
995 1006 1087 1073 alto:
1259 1008 1303 1072 95

242 1111 344 1178 “Nos
359 1112 442 1179 alias
456 1112 532 1177 hinc
548 1113 591 1177 ed
605 1112 755 1178 lacrimas
770 1113 885 1178 eadem
902 1111 1031 1178 horrida
1046 1113 1124 1178 belli

243 1219 264 1252 “
275 1218 363 1284 Fata
378 1225 514 1286 vocant:
540 1218 627 1284 salve
643 1226 812 1284 aeternum
826 1218 918 1302 mibi,
930 1217 1075 1283 maxime
1091 1217 1198 1298 Palla,

243 1323 524 1409 “Aeternumque
538 1324 641 1391 vale.”
688 1324 759 1390 Nec
775 1325 869 1410 plura
884 1321 1014 1408 effatus,
1032 1323 1176 1388 adultos

243 1430 413 1495 Tendebat
428 1451 548 1515 muros,
565 1451 775 1516 gressumque
790 1430 825 1494 in
842 1437 949 1496 castra
964 1429 1099 1496 ferebat.

309 1533 333 1600 J
335 1554 453 1619 amque
469 1540 609 1600 oratores
625 1535 762 1599 aderant
778 1556 820 1599 ex
835 1535 914 1599 urbe
930 1533 1063 1619 Latina,
1238 1534 1304 1599 100

242 1639 358 1705 Velati
372 1639 472 1706 ramis
487 1639 575 1705 oleae
589 1639 783 1725 veniamque
800 1631 961 1726 rogantes,

243 1743 395 1830 Corpora,
412 1764 471 1830 per
485 1764 616 1829 campos
631 1743 714 1809 ferro
730 1765 813 1830 quae
827 1743 902 1810 fusa
913 1742 1079 1829 jacebant,

243 1848 405 1914 Redderet
420 1870 459 1914 ac
474 1848 603 1914 tumulo
618 1848 738 1914 sineret
753 1850 921 1914 succedere
937 1857 1065 1915 terrae:
1175 1914 1179 1922 ,

242 1953 383 2019 Nullum
400 1975 477 2020 cum
491 1953 586 2019 victis
603 1963 768 2020 certamen
784 1963 818 2020 et
833 1955 965 2021 aethere
981 1955 1101 2038 cassis;

244 2059 396 2124 Parceret
410 2058 592 2145 hospitibus
608 2060 774 2144 quondam
790 2059 967 2144 socerisque
982 2058 1113 2126 vocatis.

245 2165 332 2246 Quos
347 2165 450 2231 bonus
466 2164 595 2232 Aeneas
611 2165 700 2234 haud
715 2166 919 2252 aspamanda
934 2172 1104 2252 precantes

244 2269 459 2355 Prosequitur
473 2269 568 2336 venia
584 2277 618 2336 et
635 2270 738 2336 verbis
752 2271 831 2336 haec
844 2270 976 2356 insuper
991 2269 1085 2335 addit
1099 2291 1107 2336 :

246 2374 449 2456 “Quaenam
463 2397 519 2441 vos
534 2383 631 2442 tanto
642 2377 775 2442 fortuna
790 2375 935 2462 indigna,
951 2374 1076 2458 Latini,

124 2526 128 2536 .
245 2479 266 2513 “
280 2481 452 2568 Impliouit
467 2481 563 2566 bello,
580 2482 638 2567 qui
653 2503 711 2548 nos
725 2482 860 2570 fugiatis
875 2481 1025 2548 amicos?

246 2586 267 2619 “
280 2587 402 2652 Pacem
417 2609 470 2653 me
486 2588 646 2655 exanimis
663 2595 697 2654 et
713 2588 829 2654 Martis
845 2594 931 2654 sorte
946 2585 1104 2673 peremtis

246 2692 266 2726 “
279 2692 419 2760 Oratis?
466 2693 632 2779 Equidem
647 2702 681 2760 et
696 2695 779 2761 vivis
794 2695 966 2760 concedere
981 2693 1110 2758 vellem.

246 2797 268 2831 “
282 2799 352 2864 Nec
368 2799 454 2884 veni,
470 2799 534 2866 nisi
548 2800 620 2866 fata
634 2800 743 2866 locum
759 2802 932 2886 sedemque
948 2799 1114 2865 dedissent
1128 2817 1138 2880 ;

247 2905 268 2938 “
278 2906 349 2972 Nec
363 2906 488 2972 bellum
504 2916 692 2995 cumgente
708 2929 805 2994 gero;
830 2928 888 2972 rex
901 2913 1013 2972 nostra
1029 2903 1163 2990 reliquit

139 3015 140 3018 ’
247 3011 267 3044 “
281 3010 436 3098 Hospitis
451 3019 485 3077 et
503 3012 608 3078 Turni
624 3013 733 3099 potius
750 3011 937 3078 accredidit
953 3009 1058 3076 armis.

247 3117 427 3204 “Aequius
442 3118 518 3184 huic
536 3119 689 3184 Turnum
703 3119 811 3185 fuerat
828 3141 861 3185 se
877 3138 1038 3204 opponere
1053 3114 1159 3182 morti.

247 3221 268 3255 “
283 3221 319 3289 Si
333 3223 459 3288 ballum
473 3222 567 3289 finire
583 3229 695 3308 manu,
712 3223 740 3289 si
755 3223 874 3310 pellere
890 3223 1034 3288 Teucros

247 3327 269 3361 “
281 3319 452 3415 Apparat:
476 3327 528 3394 his
544 3349 676 3394 mecum
690 3329 801 3394 decuit
817 3348 1004 3394 concurrere
1019 3326 1093 3392 telis
1107 3346 1116 3408 ;

247 3432 268 3466 “
281 3433 396 3517 Vixet,
413 3433 467 3498 cui
481 3433 587 3499 vitam
602 3435 683 3500 deus
699 3441 759 3499 aut
775 3456 835 3499 sua
851 3435 967 3500 dextra
981 3431 1134 3497 dedisset.

249 3537 270 3570 “
282 3537 379 3604 Nunc
395 3538 442 3604 ite
458 3547 492 3605 et
507 3540 632 3606 miseris
647 3540 823 3626 supponite
838 3540 962 3606 civibus
979 3538 1119 3625 ignem.”

248 3643 387 3708 Dixerat
402 3643 550 3729 Aeneas;
575 3645 632 3712 olli
647 3647 843 3732 obstupuere
859 3646 1003 3729 silentes,

248 3750 463 3837 Conversique
479 3753 587 3818 oculos
602 3739 688 3818 inter
703 3773 736 3818 se
751 3761 851 3838 atque
867 3773 922 3817 ora
937 3750 1105 3815 tenebant.
1231 3748 1238 3760 '

248 3854 337 3918 Tum
353 3856 457 3920 senior
471 3877 662 3942 semperque
678 3857 757 3923 odiis
774 3865 807 3922 et
823 3855 958 3922 crimine
974 3854 1120 3920 Drances

249 3957 402 4024 Infensus
413 3959 528 4046 juveni
544 3960 655 4027 Turno
671 3962 715 4028 sic
731 3983 785 4028 ore
800 3959 944 4027 vicissim
