2898 4518
224 315 268 380 90
521 357 525 362 -
585 330 757 378 smarnos
781 329 845 379 nra.
872 331 919 380 Ν.

225 489 248 523 “
258 489 336 556 Non
351 489 447 576 potui
461 489 636 576 abreptum
650 490 802 555 divellere
817 511 933 576 corpus
948 497 983 556 et
997 489 1095 556 undis
1228 490 1296 554 600

226 593 248 627 “
263 594 448 680 Spargere?
473 616 539 659 non
555 594 664 677 socios,
681 615 746 658 non
761 594 871 680 ipsum
886 595 1053 660 absumere
1067 593 1153 659 ferro

225 697 247 731 “
261 699 455 782 Ascanium,
473 697 656 783 patriisque
673 699 874 783 epulandum
890 721 1007 785 ponere
1023 699 1143 764 mensis
1158 701 1225 765 P—

226 801 247 836 “
260 803 387 868 Verum
401 824 522 888 anceps
539 824 668 888 pugnae
683 803 790 868 fuerat
806 803 1143 870 fortuna-Fuisset:

227 905 249 938 “
262 907 369 988 Quem
384 906 489 971 metui
505 906 689 972 moritura?
737 905 841 972 Faces
856 907 891 971 in
906 915 1013 973 castra
1028 907 1190 990 tulissem,

227 1011 249 1044 “
263 1011 518 1097 Implessemque
533 1012 617 1076 foros
632 1011 785 1095 fiammis,
801 1019 982 1096 natumque
998 1019 1190 1098 patremque
1227 1014 1294 1078 605

226 1115 246 1148 “
260 1116 347 1182 Oum
364 1137 478 1201 genere
494 1116 689 1199 exstinxem,
706 1124 830 1180 memet
846 1137 943 1202 super
957 1117 1029 1202 ipsa
1044 1117 1267 1182 dedissem.—

226 1219 247 1252 “
260 1220 325 1304 sol,
343 1219 401 1304 qui
417 1228 577 1284 terrarum
592 1219 734 1284 flammis
749 1241 847 1305 opera
862 1221 971 1286 omnia
986 1222 1121 1302 lustras,

226 1324 375 1410 “Tuque
391 1324 508 1390 harum
522 1324 679 1410 interpres
695 1345 847 1390 aurarum
863 1333 896 1390 et
912 1326 1038 1392 conscia
1053 1325 1078 1391 J
1080 1347 1155 1409 unc,

162 1511 168 1522 ι
226 1429 247 1462 “
261 1429 505 1514 Nocturnisque
522 1428 650 1494 Hecate
666 1428 771 1494 triviis
785 1429 915 1494 ululata
929 1451 987 1515 per
1003 1431 1108 1514 urbes,

226 1535 247 1567 “
259 1535 306 1600 Et
323 1535 421 1600 Dirae
436 1533 579 1618 ultrices,
596 1541 630 1598 et
646 1535 680 1598 di
697 1533 866 1599 morientis
882 1533 1019 1618 Elissae,
1227 1537 1295 1601 610
1342 1585 1343 1588 η

227 1639 411 1726 “Accipite
427 1639 516 1723 haec,
536 1639 756 1724 meritumque
773 1639 867 1704 maiis
883 1640 1045 1704 advertite
1062 1661 1198 1724 numen,

228 1745 248 1777 “
261 1746 308 1810 Et
324 1753 451 1810 nostras
467 1744 579 1810 audite
595 1765 713 1829 preces.
762 1743 797 1811 Si
814 1752 948 1830 tangere
963 1753 1077 1830 portus

228 1849 438 1914 “Infandum
454 1857 554 1935 caput
570 1871 607 1914 ac
624 1849 719 1914 terris
734 1850 856 1915 adnare
873 1871 1001 1916 necesse
1017 1857 1077 1932 est,

228 1953 250 1987 “
263 1955 310 2019 Et
326 1954 371 2020 sic
386 1955 456 2021 fata
470 1954 563 2020 Jovis
579 1962 728 2040 poscunt,
745 1955 797 2020 hic
814 1955 974 2021 terminus
989 1954 1122 2023 haeret:

227 2057 311 2124 “At
326 2059 411 2125 bello
426 2059 559 2124 audacis
574 2060 688 2144 populi
702 2067 842 2124 vexatus
858 2069 892 2125 et
907 2061 1019 2144 armis,
1228 2061 1294 2128 615

228 2163 401 2230 “Finibus
418 2163 563 2249 extorris,
580 2164 754 2250 complexu
769 2164 903 2230 avulsus
919 2163 996 2248 Iuli,

228 2268 437 2334 “Auxilium
451 2268 613 2354 impleret,
630 2268 804 2354 videatque
820 2268 955 2356 indigna
971 2290 1101 2335 suorum

228 2374 249 2408 “
261 2374 405 2459 Funera,
422 2395 492 2458 nee,
510 2394 613 2458 quum
630 2394 662 2438 se
679 2374 739 2438 sub
754 2374 841 2459 leges
857 2374 947 2458 pacis
962 2372 1094 2458 iniquae

227 2480 249 2515 “
260 2479 456 2564 Tradiderit,
473 2500 571 2566 regno
587 2485 646 2544 ant
662 2487 778 2563 optata
793 2480 866 2544 luce
881 2480 1021 2563 fruatur,

228 2585 248 2618 “
263 2585 327 2652 Sed
342 2585 440 2650 cadat
454 2591 533 2650 ante
548 2583 636 2650 diem
650 2583 822 2669 mediaque
837 2584 1031 2650 inhumatus
1046 2606 1153 2650 arena.
1227 2586 1293 2650 620

228 2687 352 2753 “Haec
368 2709 489 2774 precor,
499 2688 583 2752 hanc
599 2708 710 2752 vocem
724 2694 905 2752 extremam
918 2709 993 2752 cum
1007 2687 1166 2772 sanguine
1179 2687 1291 2754 sunda.

129 2873 135 2888 ·
228 2793 249 2826 “
263 2793 351 2858 Tum
366 2814 432 2878 vos,
450 2814 469 2858 0
485 2791 586 2878 Tyrii,
604 2790 740 2877 stirpem
756 2799 790 2856 et
805 2813 908 2878 genus
924 2814 1019 2857 omne
1034 2792 1188 2857 futurum

228 2899 249 2932 “
261 2899 421 2964 Exercete
436 2897 530 2983 odiis,
546 2897 709 2983 cinerique
724 2897 805 2962 haec
820 2897 948 2963 mittite
963 2906 1072 2964 nostro

228 3003 409 3070 “Munera
455 3001 578 3068 Nullus
594 3023 684 3068 amor
698 3001 837 3088 populis,
855 3024 915 3068 nec
930 3003 1059 3070 foedera
1074 3011 1182 3071 sunta.

228 3111 251 3146 “
268 3110 426 3176 Exoriare
442 3109 560 3194 aliquis
576 3108 693 3174 nostris
709 3131 751 3173 ex
766 3109 890 3176 ossibus
905 3109 1003 3193 ultor,
1225 3110 1289 3176 625

229 3216 329 3299 “Qui
344 3216 415 3282 face
432 3213 613 3280 Dardanios
629 3214 774 3298 ferroque
791 3234 924 3299 sequare
940 3215 1078 3299 colonos,

229 3321 250 3356 “
263 3322 372 3406 Nunc,
389 3320 476 3403 oiim,
493 3319 842 3404 quocumquedabunt
858 3339 892 3384 se
907 3325 1054 3404 tempore
1070 3318 1162 3385 vires.

228 3427 250 3461 “
261 3427 373 3492 Litora
388 3425 536 3490 litoribus
552 3423 722 3507 contraria,
738 3423 894 3488 fluctibus
908 3425 1015 3488 undas

228 3533 249 3566 ‘⁶
267 3533 442 3616 Imprecor,
455 3551 545 3594 arma
560 3527 658 3594 armis
672 3548 681 3610 ;
706 3535 854 3613 pugnent
869 3528 996 3614 ipsique
1012 3535 1213 3614 nepotesque
1230 3531 1266 3596 !'’

232 3638 324 3704 Haec
340 3635 399 3720 ait,
415 3643 449 3699 et
465 3643 574 3720 partes
590 3634 738 3701 animum
753 3635 905 3700 versabat
920 3634 955 3698 in
971 3655 1090 3718 ornnes,
1223 3636 1285 3700 630

228 3743 373 3812 Invisam
387 3762 545 3826 quaerens
560 3741 818 3826 quamprimum
834 3741 1024 3826 abrumpere
1039 3741 1156 3810 lucem.

229 3853 318 3916 Tum
333 3846 474 3914 breviter
490 3846 616 3910 Barcen
631 3847 793 3912 nutricem
809 3845 911 3912 affata
928 3845 1084 3930 Sychaei:

230 3956 383 4039 Namque
399 3973 494 4018 suam
510 3951 616 4035 patria
632 3951 770 4035 antiqua
785 3951 866 4017 cinis
881 3958 953 4017 ater
966 3951 1109 4017 habebat
1124 3973 1131 4018 :
