2898 4518
495 307 667 354 autumnos
690 308 754 354 LIB.
779 307 811 354 V.

114 467 226 548 Quum
241 467 326 536 levis
341 467 494 533 aetheriis
510 467 663 553 delapsus
682 467 821 533 Somnus
836 467 878 532 ab
895 467 990 531 astris

113 572 206 637 Aera
222 573 363 638 dimovit
379 572 586 638 tenebrosum
601 581 635 638 et
651 572 789 657 dispulit
805 573 948 656 umbras,
1019 597 1024 602 ·
1045 649 1052 666 ι

114 676 173 762 Te,
192 678 362 762 Palinure,
379 685 505 765 petens,
523 678 585 742 tibi
602 678 727 743 somnia
741 676 852 742 tristia
868 685 1003 763 portans
1116 677 1182 742 840

114 783 248 848 Insonti
263 805 271 866 ;
295 785 465 870 puppique
481 784 561 879 dgus
577 785 723 849 consedit
738 783 774 848 in
789 782 868 867 alta,

114 887 301 953 Phorbanti
317 888 442 972 similis,
458 888 634 972 funditque
649 888 708 952 has
724 909 777 952 ore
793 888 956 974 loquelas:

115 992 136 1024 “
149 993 263 1058 Iaside
279 993 443 1078 Palinure,
460 993 572 1058 ferunt
587 993 659 1077 ipsa
674 1013 815 1076 aequora
831 991 979 1075 classem,

118 1097 138 1129 “
152 1098 329 1182 Aequatae
346 1098 471 1185 spirant
487 1119 594 1183 aurae,
611 1098 711 1162 datur
725 1097 805 1162 hora
819 1096 941 1181 quieti:

116 1201 247 1268 “Pone
263 1211 376 1288 caput,
392 1204 556 1289 fessosque
572 1203 680 1268 oculos
696 1203 804 1267 furare
820 1202 923 1268 labori
936 1223 946 1286 3
1115 1201 1180 1268 845

116 1307 136 1340 “
148 1309 228 1395 Ipse
244 1329 303 1392 ego
319 1309 498 1395 paullisper
512 1331 570 1395 pro
586 1317 621 1374 te
636 1317 696 1374 tua
712 1331 847 1374 munera
862 1308 980 1375 inibo.''
1008 1311 1012 1318 '

119 1413 185 1480 (lui
202 1413 259 1479 vix
274 1415 429 1480 attollens
446 1415 621 1480 Palinurus
637 1414 764 1480 lumina
779 1414 888 1482 fatur:

115 1518 135 1549 “
150 1517 252 1582 Mene
269 1519 344 1585 salis
360 1517 481 1604 placidi
495 1520 628 1584 vultum
643 1519 829 1604 fluctusque
845 1520 972 1604 quietos

115 1621 136 1654 “
149 1622 308 1708 Ignorare
320 1623 443 1708 jubes?
468 1645 563 1688 mene
579 1623 656 1688 huic
672 1623 832 1688 confidere
847 1625 1020 1690 monstro?

117 1725 293 1791 “Aenean
309 1729 438 1794 credam
456 1728 537 1812 quid
552 1727 650 1811 enim,
666 1727 838 1793 fallacibus
854 1729 942 1793 auris
1113 1729 1179 1794 850

114 1829 200 1894 “Et
218 1831 297 1895 coeli
312 1831 413 1897 totie's
427 1833 584 1916 deceptus
600 1831 713 1896 fraude
728 1832 832 1897 sereni
842 1835 858 1898 Ρ
869 1835 890 1862 ”

114 1935 216 1999 Talia
232 1935 322 2000 dicta
337 1937 453 2017 dabat,
470 1937 664 2020 clavumque
680 1936 800 2001 affixus
816 1943 849 2001 et
865 1937 1000 2003 haerens

112 2038 295 2122 Nusquam
310 2039 498 2124 amittebat,
515 2040 687 2125 oculosque
703 2041 765 2105 sub
780 2047 870 2105 astra
886 2041 1029 2106 tenebat.

112 2143 203 2208 Erice
218 2143 299 2208 deus
315 2165 444 2208 ramum
461 2143 607 2208 Lethaeo
624 2165 692 2209 rore
708 2145 899 2208 madentem

113 2247 228 2332 Vique
245 2255 434 2334 soporatum
452 2249 568 2333 Stygia
584 2271 681 2334 super
695 2256 835 2333 utraque
851 2256 986 2334 quassat
1113 2251 1177 2316 855

114 2351 290 2435 Tempora,
308 2351 546 2436 cunctantique
562 2352 715 2416 natantia
729 2351 857 2418 lumina
873 2351 978 2420 solvit.

113 2456 187 2521 Vix
202 2456 322 2540 primos
337 2456 470 2542 inopina
486 2456 577 2541 quies
592 2455 759 2522 laxaverat
775 2464 866 2522 artus
879 2477 888 2540 ;

113 2561 164 2626 Et
182 2583 277 2646 super
291 2561 492 2646 incumbens,
510 2583 586 2626 oum
601 2561 722 2647 puppis
737 2569 830 2647 parte
846 2563 974 2628 revulsa

117 2665 271 2750 Cumque
287 2667 492 2752 gubernaclo,
510 2667 652 2751 liquidas
669 2665 805 2752 projecit
821 2667 857 2731 in
872 2669 977 2734 undas

116 2770 348 2856 Praecipitem,
365 2793 403 2836 ao
420 2771 519 2836 socios
535 2770 757 2855 nequidquam
774 2793 869 2857 saepe
884 2781 1064 2841 vocantem.
1112 2775 1179 2840 860

117 2877 195 2962 Ipse
211 2875 322 2941 volans
338 2883 453 2940 tenues
471 2899 503 2941 se
521 2875 656 2941 sustulit
672 2877 738 2942 ales
754 2877 797 2941 ad
813 2899 916 2944 auras.

117 2981 232 3047 Ourrit
246 2980 310 3045 iter
324 2987 439 3045 tutum
454 3002 519 3046 non
535 2981 639 3046 secius
655 3001 795 3066 aequore
808 2983 929 3067 classis,

116 3085 355 3170 Promissisque
371 3086 474 3172 patris
490 3086 640 3173 Neptuni
655 3087 805 3152 interrita
819 3088 931 3156 fertur.

114 3191 260 3276 Jamque
276 3193 356 3258 adeo
371 3192 519 3278 scopulos
537 3193 688 3258 Sirenum
703 3193 839 3258 advecta
856 3193 1000 3277 subibat,

116 3297 277 3364 Difficiles
294 3299 459 3383 quondam
475 3299 719 3383 multorumque
734 3298 859 3364 ossibus
875 3299 982 3384 albos3
1113 3299 1179 3366 865

116 3402 207 3467 Tum
222 3424 321 3468 rauca
336 3403 473 3469 adsiduo
488 3404 582 3490 longe
598 3404 665 3468 sale
683 3425 762 3469 saxa
779 3404 937 3468 mebant
952 3426 959 3471 ε

116 3507 230 3587 Quum
245 3514 341 3592 pater
355 3507 473 3572 amisso
488 3507 676 3572 fluitantem
692 3527 795 3571 errare
811 3507 967 3593 magistro

118 3613 244 3696 Sensit,
261 3620 296 3678 et
310 3614 380 3700 ipse
396 3621 501 3678 ratem
516 3615 684 3679 nocturnis
700 3613 784 3678 rexit
799 3613 833 3677 in
847 3614 954 3700 undis,

115 3717 228 3782 Multa
244 3739 387 3804 gemens,
404 3739 545 3802 casuque
562 3717 710 3782 animum
726 3739 899 3783 concussus
914 3719 1021 3785 amici.

116 3820 182 3888 “0
201 3820 344 3886 nimium
361 3821 447 3887 coelo
463 3830 498 3886 et
513 3823 628 3908 pelago
645 3822 762 3888 confise
779 3844 897 3906 sereno,
1112 3819 1179 3890 870

115 3927 136 3960 “
149 3928 273 3993 Nudus
289 3925 324 3990 in
338 3926 463 4012 ignota,
481 3924 646 4012 Palinure,
660 3926 782 4011 jacebis
797 3931 926 3994 arena.”
