2898 4518
479 350 650 396 annutans
673 351 738 399 LIB.
763 350 809 398 VI.

111 511 272 576 Eventus
287 509 397 574 animo
413 531 532 576 secum.
582 509 646 576 Oui
661 510 747 576 fidus
763 509 910 576 Achates

113 618 151 682 It
168 637 279 682 comes
294 622 328 680 et
344 615 478 700 paribus
494 615 578 680 curis
595 615 731 700 vestigia
746 615 828 700 figit.

115 722 233 787 Multa
249 721 336 786 inter
351 742 419 786 sese
435 720 523 786 vario
539 742 683 786 sermone
699 721 860 804 serebant,
1121 722 1186 787 160

117 827 228 907 Quem
246 825 369 890 socium
385 825 576 890 exanimum
592 833 698 907 vates,
715 826 803 910 quod
819 847 934 910 corpus
949 826 1156 891 humandum.

117 931 264 998 Diceret.
312 930 425 1014 Atque
441 929 491 994 illi
507 929 672 994 Misenum
687 929 722 994 in
734 930 830 994 litore
847 930 940 1015 sicco,

118 1037 171 1101 Ut
187 1057 316 1118 venere,
333 1035 446 1100 vident
461 1034 596 1120 indigna
611 1042 716 1100 morte
732 1041 926 1120 peremtum,

118 1141 289 1206 Misenum
305 1139 474 1222 Aeoliden,
492 1161 556 1224 quo
571 1160 636 1204 non
651 1123 868 1224 praestantior
883 1140 966 1204 alter

118 1246 209 1310 Aere
225 1244 310 1310 ciere
324 1244 417 1328 viros,
435 1243 642 1328 Martemque
658 1245 831 1309 accendere
848 1251 957 1310 cantu.
1118 1246 1183 1310 165

121 1348 278 1415 Hectoris
293 1349 347 1414 hic
362 1349 476 1434 magni
489 1349 599 1414 fuerat
615 1345 723 1414 comes
738 1370 746 1431 ;
773 1349 917 1414 Hectora
933 1349 1055 1414 circum

119 1455 168 1519 Et
184 1454 270 1518 lituo
285 1475 414 1539 pugnas
429 1452 564 1539 insignis
580 1453 691 1519 obibat
708 1462 741 1518 et
757 1454 862 1522 hasta.

120 1560 306 1644 Postquam
321 1559 417 1623 illum
434 1558 502 1624 vita
517 1559 621 1624 victor
636 1559 789 1644 spoliavit
806 1559 970 1644 Achilles;

123 1663 294 1730 Dardanio
310 1663 442 1729 Aeneae
458 1685 526 1729 sese
541 1664 737 1730 fortissimus
752 1666 843 1740 heros

120 1771 309 1836 Addiderat
325 1770 459 1851 socium,
476 1793 542 1836 non
557 1771 708 1837 inferiora
723 1781 863 1841 secutus.
1123 1771 1188 1840 170

123 1877 192 1944 Sed
208 1884 293 1961 tum,
309 1876 393 1941 forte
410 1897 489 1942 cava
504 1877 585 1942 dum
600 1885 753 1962 personat
770 1900 912 1964 aequora
927 1878 1061 1963 concha,

122 1982 280 2065 Demens,
297 1988 331 2046 et
347 1989 449 2047 cantu
463 1990 558 2048 vocat
574 1982 609 2047 in
624 1983 803 2048 certamina
818 1983 920 2068 divos,

122 2085 287 2150 Aemulus
303 2093 480 2171 exceptum
497 2086 659 2153 Triton-si
674 2089 802 2152 credere
818 2088 958 2174 dignum
974 2095 1040 2152 est-

123 2191 220 2256 Inter
235 2213 314 2257 saxa
329 2191 435 2256 virum
451 2214 604 2278 spumosa
619 2193 822 2259 immerserat
838 2193 936 2259 unda.

124 2296 213 2381 Ergo
229 2317 339 2360 omnes
355 2318 473 2380 magno
489 2297 612 2362 circum
627 2298 766 2363 clamore
781 2297 978 2380 fremebant,
1124 2292 1188 2364 175

126 2399 307 2485 Praecipue
318 2400 398 2486 pius
413 2399 562 2484 Aeneas3
587 2409 661 2466 tum
672 2401 766 2488 jussa
783 2403 934 2487 Sibyllae·

127 2507 232 2571 Haud
247 2507 513 2573 mora-festinant
529 2507 656 2592 flentes,
673 2529 828 2594 aramque
845 2509 985 2593 sepulcri

127 2611 307 2698 Congerere
324 2613 491 2678 arboribus
506 2613 658 2698 coeloque
674 2614 810 2678 educere
827 2621 964 2680 certant.

126 2717 204 2781 Itur
219 2716 255 2780 in
269 2717 442 2802 antiquam
458 2717 584 2801 silvam,
602 2717 733 2782 stabula
748 2719 817 2782 alta
831 2718 992 2785 ferarum:

128 2823 358 2888 Procumbunt
373 2823 494 2908 piceae,
512 2830 608 2887 sonat
623 2822 691 2888 icta
707 2823 872 2888 securibus
888 2824 964 2908 ilex,
1125 2823 1190 2888 180

128 2927 376 3012 Fraxineaeque
393 2927 502 2992 trabes
518 2926 630 2992 cuneis
646 2929 680 2991 et
696 2927 794 2992 fissile
810 2927 908 2993 robur

128 3034 307 3118 Scinditur,
324 3034 503 3099 advolvunt
519 3033 667 3119 ingentes
682 3034 849 3099 montibus
864 3056 965 3100 ornos.

127 3139 199 3205 Nec
215 3162 281 3204 non
298 3139 427 3205 Aeneas
443 3161 541 3224 opera
556 3139 642 3204 inter
657 3139 738 3204 talia
753 3139 880 3225 primus

128 3246 293 3311 Hortatur
309 3245 419 3338 socios,
436 3245 633 3331 paribusque
649 3245 834 3332 accingitur
849 3244 959 3329 armis,

127 3352 241 3437 Atque
257 3351 337 3416 haec
349 3351 421 3436 ¹ipse
438 3373 495 3418 suo
511 3351 598 3416 tristi
613 3373 690 3416 oum
706 3351 800 3415 eorde
815 3350 958 3432 volutat,
1125 3346 1190 3414 185

127 3458 336 3542 Adspectanr
353 3458 470 3524 silvam
485 3458 690 3541 immensam,
709 3463 743 3520 61
759 3456 804 3520 616
819 3455 902 3519 forte
917 3459 1079 3540 precatur.

128 3562 149 3594 “
163 3561 197 3628 Si
216 3583 302 3626 nunc
319 3583 352 3627 se
367 3561 460 3628 nobis
475 3563 531 3627 ille
546 3583 661 3626 aureus
678 3561 788 3626 arbore
805 3581 915 3624 ramus
967 3641 977 3660 .

129 3667 152 3698 “
167 3666 332 3733 Ostendat
348 3687 476 3733 nemore
491 3668 527 3733 in
542 3675 661 3734 tanto:
687 3667 818 3751 quando
835 3665 944 3731 omnia
959 3687 1031 3730 vere

128 3772 242 3837 “Heu
257 3772 397 3837 nimium
413 3774 454 3839 de
468 3779 503 3838 te
519 3781 621 3856 vates,
638 3771 774 3855 Misene,
791 3772 901 3836 locuta
917 3773 997 3838 est.''

128 3878 199 3942 Vix
218 3898 257 3942 ea
272 3877 363 3942 fatus
379 3885 459 3962 erat,
476 3877 624 3963 geminae
639 3897 743 3962 quum
758 3875 841 3942 sorte
857 3877 1026 3942 columbae
1128 3873 1192 3939 190

128 3986 206 4072 Ipsa
223 3983 285 4049 sub
301 4005 355 4048 ora
370 3984 431 4049 riri
447 3983 535 4048 coelo
550 4004 663 4048 venere
678 3983 835 4068 volantes,

1210 1343 1238 1376 ,κ
