2898 4518
506 309 678 358 Annulnos
701 311 765 360 ΜΒ.
793 311 853 361 vlt.

142 469 221 534 Tali
235 470 328 535 intus
343 469 469 554 templo
485 467 599 534 divum
615 469 787 556 patriaque
804 469 944 538 Latinus

143 573 229 641 Sede
246 575 361 640 sedens
377 573 521 639 Teucros
537 574 579 638 ad
596 595 664 640 sese
679 574 715 638 in
730 583 818 640 tecta
833 576 971 660 vocavit,

142 681 260 765 Atque
275 681 355 745 haec
370 679 521 764 ingressis
537 680 665 765 placido
680 681 768 766 prior
782 681 885 747 edidit
900 703 953 748 ore
968 704 975 748 :

145 786 166 817 “
182 785 309 870 Dicite,
327 783 660 868 Dardanidae-neque
676 785 764 850 enim
779 786 942 852 nescimus
957 795 991 852 et
1008 787 1122 852 urbem
1147 789 1209 853 195

144 889 229 953 “Et
245 911 358 974 genus,
376 888 547 973 auditique
562 888 735 954 advertitis
751 911 887 975 aequore
903 912 1061 976 cursum,

145 993 167 1027 “
186 994 276 1075 Quid
288 994 429 1080 petitis?
456 1015 539 1078 quae
555 1015 654 1059 causa
669 1002 755 1060 rates
770 1002 830 1060 aut
845 994 940 1079 cujus
956 1004 1088 1082 egentes

145 1101 167 1135 “
182 1101 282 1166 Litus
296 1101 339 1166 ad
353 1100 540 1166 Ausonium
555 1107 607 1166 tot
622 1101 779 1185 pervade
794 1101 925 1166 caerula
939 1102 1031 1167 vexit
1047 1104 1064 1168 Ρ

146 1205 169 1240 ‘²
183 1205 259 1272 Sive
276 1227 378 1270 errore
392 1205 475 1289 viae,
493 1225 551 1274 seu
565 1205 821 1290 tempestatibus
838 1206 922 1271 acti-

147 1309 169 1345 “
183 1310 305 1392 Qualia
319 1311 426 1374 multa
441 1309 524 1374 mari
539 1316 661 1375 nautae
676 1310 851 1395 patiuntur
865 1293 901 1376 in
916 1311 1001 1377 alto·
1144 1312 1212 1376 200

146 1414 347 1480 “Fluminis
362 1415 509 1480 intrastis
525 1414 612 1500 ripas
627 1423 788 1500 portuque
804 1417 943 1504 sedetis3

147 1520 169 1554 “
183 1520 237 1584 Ne
251 1519 357 1606 fugite
373 1519 563 1605 hospitium,
580 1541 661 1584 neve
675 1520 822 1605 ignorate
838 1521 975 1589 Latinos

147 1622 318 1692 “Saturni
333 1631 476 1710 gentem,
494 1624 584 1688 haud
599 1624 706 1690 vinclo
721 1646 779 1690 nec
796 1626 922 1712 legibus
938 1649 1088 1712 aequam,

148 1730 310 1815 “Sponte
327 1751 386 1794 sua
400 1729 581 1814 veterisque
597 1729 650 1794 dei
665 1752 698 1794 se
714 1751 801 1796 more
817 1739 994 1799 tenentem.

148 1833 297 1918 “Atque
314 1834 464 1919 equidem
480 1833 719 1899 memini-fama
734 1842 785 1900 est
800 1835 964 1901 obscurior
979 1837 1088 1904 annis·
1146 1838 1212 1903 205

149 1938 358 2003 “Auruncos
374 1939 423 2002 ita
438 1938 520 2003 ferre
537 1959 639 2023 senes,
656 1939 707 2004 his
723 1947 813 2004 ortus
827 1948 867 2006 ut
883 1941 967 2026 agris

149 2042 172 2075 “
190 2043 368 2110 Dardanus
384 2045 501 2110 Idaeas
517 2042 679 2131 Phrygiae
694 2045 874 2130 penetrarit
889 2047 932 2110 ad
947 2046 1043 2111 urbes

149 2148 437 2234 “Threiciamque
455 2150 587 2233 Samon,
604 2171 689 2235 quae
705 2171 792 2214 nunc
811 2150 1033 2249 Samothracia
1048 2149 1158 2215 fertur.

150 2253 275 2318 “Hinc
290 2254 395 2338 illum,
414 2255 549 2340 Corythi
565 2241 737 2339 Tyrrhena¹
748 2254 790 2318 ab
806 2255 880 2320 sede
895 2254 1089 2340 profectum,

150 2360 298 2424 “Aurea
314 2382 400 2425 nunc
417 2360 493 2426 solio
509 2361 673 2426 stellantis
688 2359 776 2449 regia
791 2359 871 2424 coeli
1147 2359 1214 2422 210

150 2464 173 2497 “
183 2465 327 2550 Accipit,
345 2475 378 2530 et
394 2487 567 2530 numerum
583 2465 730 2531 divorum
746 2465 903 2530 altaribus
919 2464 1032 2531 addit!

150 2569 299 2654 Dixerat,
317 2559 351 2634 et
366 2569 455 2636 dicta
470 2570 614 2635 Ilioneus
630 2569 676 2635 sio
691 2591 768 2634 voce
784 2577 936 2636 secutus:

150 2673 172 2706 “
186 2673 270 2758 Rex,
287 2695 390 2759 genus
406 2674 571 2761 egregium
585 2673 704 2759 Fauni,
721 2695 781 2740 nec
796 2675 952 2741 fluctibus
968 2681 1059 2742 actos

152 2778 277 2844 “Atra
293 2779 421 2864 subegit
436 2779 542 2844 hiems
557 2779 672 2862 restris
689 2781 855 2845 succedere
871 2780 975 2865 terris,

151 2883 172 2917 “
184 2884 256 2949 Nec
274 2884 363 2949 sidus
380 2884 506 2970 regione
522 2883 593 2948 viae
608 2883 729 2949 litusve
744 2884 861 2950 fefellit
873 2905 882 2967 ;
1144 2883 1212 2948 215

151 2990 174 3025 “
186 2990 330 3056 Oonsilio
345 2989 429 3054 hanc
445 3011 555 3054 omnes
571 2988 753 3073 animisque
769 2989 952 3054 volentibus
968 2989 1082 3054 urbem

151 3095 173 3130 “
185 3093 376 3177 Afferimur,
394 3093 481 3179 pulsi
497 3093 614 3179 regnis,
632 3113 714 3177 quae
730 3093 876 3158 maxima
891 3093 1057 3178 quondam

151 3199 343 3264 “Extremo
359 3199 490 3264 veniens
508 3199 562 3264 Sol
578 3196 780 3283 adspiciebat
797 3198 946 3283 Olympo.

152 3306 174 3337 “
188 3303 244 3369 Ab
259 3303 283 3368 J
284 3324 342 3368 ove
358 3302 555 3388 principium
569 3303 712 3388 generis:
737 3303 821 3369 dove
838 3303 993 3368 Dardana
1009 3301 1112 3386 pubes

152 3409 319 3474 “Gaudet
336 3427 416 3491 avo3
440 3429 498 3472 rex
512 3407 581 3493 ipse
596 3407 689 3474 Jovis
705 3409 745 3472 de
761 3413 857 3494 gente
874 3427 1037 3492 suprema,
1149 3405 1215 3470 220

152 3513 174 3546 “
191 3513 308 3578 Troius
325 3512 465 3596 Aeneas,
483 3521 543 3576 tua
557 3534 616 3578 nos
632 3514 674 3578 ad
689 3512 803 3576 limina
819 3511 924 3578 misit.
1192 3511 1196 3520 '

153 3618 175 3651 “
191 3619 325 3698 Quanta
340 3638 397 3701 per
412 3616 528 3682 Idaeos
544 3617 646 3682 saevis
662 3615 765 3681 effusa
782 3615 928 3700 Mycenis

120 3747 134 3770 ·
153 3723 386 3808 “Tempestas
401 3721 477 3786 ierit
493 3743 635 3807 campos,
654 3721 774 3806 quibus
790 3727 885 3786 actus
901 3729 1038 3807 uterque

153 3828 341 3913 “Europae
358 3835 457 3911 atque
469 3826 569 3892 Asiae
583 3827 661 3892 fatis
677 3825 873 3892 concurrerit
889 3826 984 3911 orbis,

154 3933 177 3969 “
190 3932 322 4016 Audiit,
339 3939 373 3996 et
389 3933 530 4017 siquem
546 3932 644 3998 tellus
658 3939 806 3998 extrema
822 3931 927 3998 refuso
1149 3930 1218 3996 225

413 4034 449 4092 71
