2898 4518
248 309 313 374 160
603 323 775 372 rnrrnmos
798 324 864 372 mn.
889 323 950 370 vu.

249 484 270 518 “
278 485 400 552 Laetus
412 484 448 549 in
459 504 550 549 arma
561 505 650 569 para,
660 491 693 548 et
706 482 874 568 Phrygios,
882 481 940 568 qui
951 481 1087 546 flumine
1097 480 1233 566 pulchro
1244 479 1313 546 430

249 589 270 622 “
285 589 474 674 Consedere,
493 590 592 654 duces
607 589 778 674 pictasque
793 609 891 652 exure
906 587 1042 653 carinas.

249 694 269 727 “
281 694 467 761 Goelestum
481 694 530 759 vis
545 716 666 780 magna
677 693 781 778 jubet.
828 693 903 756 Rex
917 693 987 778 ipse
1003 691 1153 775 Latinus,

250 799 330 863 “Ni
346 799 422 863 dare
438 798 625 884 conjugium
641 808 675 862 et
690 799 779 862 dicto
795 819 906 882 parcre
922 797 1056 879 fatetur,

249 903 414 970 “Sentiat
429 912 462 968 ct
479 904 614 968 tandem
630 902 781 966 Turnum
797 901 984 986 experiatur
998 901 1034 965 in
1049 901 1174 966 armis.''

248 1007 312 1072 Hic
325 1007 465 1092 juvenis,
483 1016 594 1072 vatem
609 1007 755 1088 irridens,
773 1006 818 1072 sic
834 1028 906 1072 orsa
921 1005 1064 1071 vicissim
1244 1004 1312 1072 435

250 1111 314 1178 Orc
330 1112 446 1178 refert:
473 1112 494 1144 “
508 1112 634 1179 Olasses
648 1112 793 1176 invectas
811 1111 986 1196 Thybridis
1001 1111 1134 1194 undam,

249 1216 269 1248 “
283 1217 369 1299 Non,
386 1224 426 1282 ut
442 1238 518 1301 rere,
535 1229 626 1282 meas
642 1216 757 1302 effugit
774 1215 911 1280 nuntius
927 1237 1036 1280 aures-

249 1321 270 1353 “
284 1321 336 1386 Ne
353 1328 464 1386 tantos
479 1320 561 1385 mihi
575 1322 661 1407 finge
677 1329 811 1404 metus,
830 1342 888 1384 nec
905 1320 993 1406 regia
1008 1319 1098 1385 June

249 1427 462 1490 “Immemor
477 1434 527 1492 est
542 1426 663 1508 nostri;

250 1531 271 1562 ‘¹'
285 1531 348 1597 Sed
364 1538 398 1595 te
413 1531 501 1596 victa
517 1531 584 1596 situ
598 1530 729 1615 verique
745 1530 842 1595 effeta
858 1538 1018 1614 senectus,
1244 1529 1312 1594 440

250 1635 270 1668 “
286 1635 313 1702 O
332 1643 448 1720 mater,
465 1636 550 1702 curis
565 1636 789 1721 nequidquam
804 1643 944 1720 exercet,
962 1643 996 1700 et
1012 1657 1102 1701 arma

250 1740 413 1826 “Regum
428 1740 514 1804 inter
527 1740 612 1806 falsa
626 1747 736 1805 vatem
751 1739 922 1805 formidine
937 1740 1033 1806 ludit.

250 1845 270 1877 “
285 1845 371 1912 (lura
387 1846 451 1910 tibi
466 1845 579 1911 divum
596 1845 718 1932 effigies
734 1854 767 1910 et
783 1846 909 1930 templa
924 1845 1009 1910 tueri
1024 1866 1033 1928 3

250 1950 271 1983 “
289 1951 381 2015 Bella
396 1951 457 2015 viri
473 1972 651 2036 pacemque
667 1957 791 2037 gerant,
810 1956 882 2035 quis
897 1950 983 2016 bella
998 1951 1165 2036 gerenda.''

250 2055 385 2120 Talibus
401 2055 531 2120 Allecto
546 2055 644 2120 dictis
659 2055 781 2120 exarsit
797 2055 832 2119 in
847 2055 919 2121 iras.
1015 2092 1017 2096 ·
1246 2051 1313 2121 445

248 2159 297 2224 Αο
307 2159 423 2244 juveni
438 2160 545 2224 oranti
560 2159 688 2225 subitus
703 2167 825 2224 tremor
839 2167 977 2246 occupat
992 2167 1083 2225 artus
1097 2179 1106 2242 ;

250 2263 426 2349 Deriguere
442 2264 546 2331 oculi:
572 2273 622 2330 tot
638 2265 756 2348 Erinys
772 2263 883 2329 sibilat
898 2264 1019 2348 hydris,

249 2368 423 2453 Tantaque
440 2391 472 2433 se
487 2369 586 2434 facies
602 2369 716 2454 aperit.
765 2369 853 2432 Tum
867 2369 1020 2434 flammea
1036 2376 1189 2452 torquens

249 2472 401 2558 Lumina,
418 2481 631 2538 cunctantem
639 2461 681 2538 ’00
697 2481 907 2559 quaerentem
922 2474 1028 2538 dicere
1043 2473 1139 2558 plura

250 2575 397 2661 Repulit,
415 2586 449 2643 et
464 2578 608 2664 geminos
624 2579 725 2644 erexit
741 2579 883 2644 minibus
898 2599 1032 2664 angues,
1244 2575 1313 2642 450

249 2678 458 2766 Verberaque
473 2682 629 2767 insonuit,
647 2682 824 2768 rabidoque
838 2682 918 2747 hacc
934 2682 1062 2747 addidit
1080 2701 1150 2747 ore:

250 2783 270 2815 “
285 2785 349 2870 En,
366 2807 425 2872 ego
440 2786 529 2851 victa
544 2786 625 2870 situ,
643 2809 742 2872 quam
757 2787 824 2852 veri
839 2787 936 2852 effeta
952 2795 1101 2852 senectus

250 2888 271 2920 “
284 2889 388 2954 Arma
403 2893 489 2954 inter
503 2912 618 2976 regum
632 2891 715 2956 falsa
730 2891 899 2956 formidine
915 2891 1019 2956 ludit-

250 2993 271 3026 “
285 2995 424 3080 Respice
442 2996 484 3060 ad
499 2995 605 3078 hacc,
622 2997 738 3060 adsum
753 2996 897 3061 dirarum
912 2997 954 3061 ab
971 2997 1045 3060 sede
1061 3016 1206 3060 sororum
1219 3015 1228 3076 3

250 3101 270 3133 “
286 3101 378 3165 Bella
393 3122 494 3164 manu
509 3101 677 3184 letumque
693 3103 796 3187 gero.'’
1247 3098 1311 3166 455

251 3207 303 3272 Sic
320 3205 429 3289 effata,
445 3205 551 3270 facem
562 3205 676 3291 juveni
691 3205 838 3291 conjecit,
856 3215 889 3289 et
905 3213 976 3271 0010

249 3310 387 3375 Lumine
402 3311 567 3376 fumantes
583 3311 656 3376 fixit
673 3311 733 3377 sub
749 3320 878 3396 pectore
895 3313 1017 3378 taedas.

250 3416 316 3480 Olli
332 3438 483 3481 somnum
498 3416 613 3502 ingens
628 3417 752 3502 rumpit
768 3439 881 3502 pavor,
899 3439 1034 3502 ossaque
1050 3423 1084 3482 et
1100 3423 1194 3482 artus

252 3520 423 3584 Perfundit
440 3528 509 3585 0000
525 3529 700 3606 proruptus
716 3543 845 3606 corpore
863 3524 969 3589 sudor.

249 3625 354 3688 Arma
369 3645 481 3689 amens
497 3625 616 3710 fremit,
634 3647 723 3690 arma
738 3633 806 3692 toro
823 3626 983 3710 tectisque
998 3626 1144 3711 requirit.
1247 3628 1313 3694 460

251 3730 364 3797 Saevit
380 3751 470 3793 011101
484 3729 569 3815 ferri,
588 3739 621 3796 et
637 3732 793 3797 scelerata
809 3731 937 3796 insania
952 3732 1040 3817 belli,

250 3837 304 3900 Ira
320 3854 437 3921 super:
462 3855 580 3920 magno
596 3837 701 3902 veluti
716 3858 819 3921 quum
836 3837 971 3902 flamma
987 3859 1096 3903 sonore

250 3941 371 4026 Virgca
387 3939 571 4024 suggeritur
586 3941 684 4006 costis
699 3943 856 4008 undantis
872 3943 981 4028 aheni,
