2838 4522
473 359 646 406 Aruernos
669 360 734 409 ure.
759 361 794 407 11.
1122 344 1167 413 45

161 522 281 606 Atque
298 521 356 586 ubi
367 519 439 605 jam
455 520 581 605 patriae
597 527 795 607 perventum
811 521 854 585 ad
869 520 984 585 limina
1000 521 1084 586 sedis

97 628 331 712 Antiquasque
346 625 458 690 domos
473 647 480 692 :
506 625 645 711 genitor,
664 646 765 709 quem
780 625 891 690 tollere
906 625 941 690 in
956 626 1039 692 altos
1100 628 1165 694 635

96 732 268 819 Optabam
282 731 429 817 primum
444 737 573 796 montes
589 730 799 816 primumque
815 730 979 816 petebam,

95 837 252 924 Abnegat
269 835 379 901 excisa
394 835 498 900 vitam
509 836 684 920 producere
701 833 798 918 Troja

93 942 328 1026 Exsiliumque
344 940 424 1028 pati.
474 939 577 1005 “Vos
593 962 621 1024 o,
638 939 759 1024 quibus
774 939 900 1024 integer
915 939 987 1004 aevi

95 1045 116 1080 “
133 1046 279 1132 Sanguis
289 1048 309 1076 ''
325 1045 374 1111 ait
392 1043 612 1129 “solidaeque
628 1064 688 1110 suo
703 1050 794 1109 stant
812 1045 921 1110 robore
936 1043 1029 1128 vires,

94 1151 114 1183 “
127 1151 198 1217 Vos
215 1151 343 1238 agitate
357 1151 471 1236 fugam
484 1171 493 1233 ;
1073 1237 1076 1246 Α
1097 1149 1164 1215 640

94 1256 115 1289 “
127 1256 183 1321 Me
201 1255 233 1322 si
247 1254 418 1322 coelicolae
433 1254 611 1320 voluissent
626 1254 743 1319 ducere
759 1254 872 1339 vitam,

94 1359 115 1394 “
127 1361 201 1426 Has
217 1359 302 1426 mihi
317 1365 495 1426 servassent
511 1359 610 1425 sedes.
660 1358 747 1425 Satis
762 1381 830 1424 una
845 1379 1006 1444 superque

95 1463 289 1528 “Vidimus
305 1462 432 1527 excidia
448 1469 482 1526 et
498 1469 614 1548 captae
631 1451 853 1546 superavimus
869 1463 950 1530 urbi.

95 1567 184 1634 “Sic
205 1589 236 1652 o,
254 1567 299 1632 sio
315 1567 461 1652 positum
476 1564 570 1630 affati
585 1565 743 1632 discedite
759 1587 884 1652 corpus.

95 1671 115 1703 “
130 1670 209 1757 Ipse
228 1692 331 1735 manu
345 1677 485 1734 mortem
500 1668 686 1752 inveniam;
711 1670 919 1736 miserebitur
935 1670 1040 1738 hostis
1095 1671 1160 1739 645

94 1775 116 1808 “
128 1776 344 1860 Exuviasque
360 1781 460 1860 petet.
506 1773 628 1840 Facilis
640 1773 770 1860 jactura
786 1776 935 1861 sepulcri.

95 1882 115 1913 “
124 1881 149 1947 J
150 1904 209 1947 am
226 1881 351 1967 pridem
365 1881 491 1946 invisus
506 1880 590 1946 divis
606 1887 640 1945 ct
655 1879 783 1946 inutilis
799 1903 900 1948 annos
944 1922 948 1930 ,

94 1985 114 2018 “
128 1987 298 2070 Demoror,
315 2006 357 2050 ex
371 2006 436 2070 quo
451 2006 504 2049 me
521 1985 635 2050 divum
649 1993 744 2071 pater
759 1993 860 2070 atque
875 1986 1044 2053 hominum
1061 2009 1116 2052 rex

94 2089 297 2155 “Fulminis
313 2089 439 2154 afflavit
455 2089 564 2155 ventis
579 2096 614 2154 et
630 2089 769 2175 contigit
784 2088 884 2174 igni.''

93 2197 190 2262 Talia
206 2195 375 2282 perstabat
390 2217 582 2280 memorans,
599 2195 749 2280 fixusque
765 2195 941 2278 manebam
1094 2197 1179 2300 650·

93 2303 165 2368 Nos
181 2310 296 2368 contra
312 2301 407 2367 effusi
422 2301 564 2366 lacrimis
581 2301 764 2387 conjuxque
781 2300 903 2367 Creusa

7 2471 11 2482 ,
92 2407 323 2492 Ascaniusque
339 2407 509 2492 omnisque
525 2407 651 2491 domus,
668 2428 710 2472 ne
726 2414 851 2472 vertere
867 2427 981 2472 secum

94 2507 228 2578 (iuncta
244 2519 338 2598 pater
351 2512 486 2597 fatoque
501 2513 634 2598 urgenti
649 2513 837 2578 incumbere
854 2513 962 2580 vellet.
1054 2595 1064 2604 Ι

93 2617 265 2703 Abnegat,
282 2618 477 2703 inceptoque
493 2624 527 2682 et
545 2617 676 2682 sedibus
691 2618 803 2685 haeret
820 2617 856 2681 in
871 2619 985 2685 isdem.

92 2722 223 2788 Rursus
238 2722 273 2786 in
288 2743 379 2787 arma
394 2722 487 2806 feror,
504 2729 707 2807 mortemque
723 2723 920 2789 miserrimus
935 2730 1022 2810 opto,
1093 2726 1158 2792 655

92 2827 185 2892 Nam
201 2828 289 2912 quod
304 2827 477 2893 consilium
493 2834 553 2892 aut
569 2849 652 2912 quae
664 2827 734 2914 jam
750 2829 880 2895 fortuna
895 2831 1066 2896 dabatur?

94 2931 116 2963 “
130 2931 230 2996 Mene
245 2931 357 2996 efferre
372 2933 500 3018 pedem,
518 2931 654 3018 genitor,
667 2941 701 2998 te
717 2955 809 3020 posse
824 2935 935 3001 relicto

94 3034 117 3068 “
132 3035 291 3121 Sperasti,
307 3043 506 3122 tantumque
521 3037 612 3102 nefas
628 3038 733 3123 patrio
748 3038 871 3104 excidit
886 3041 969 3105 ore?

93 3139 114 3172 “
130 3139 168 3207 Si
183 3140 267 3206 nihil
282 3162 323 3206 ex
338 3147 436 3206 tanta
452 3141 575 3226 superis
591 3142 700 3227 placet
715 3144 795 3209 urbe
810 3144 960 3229 relinqui,

92 3244 114 3277 “
128 3243 177 3308 Et
194 3244 285 3310 sedet
300 3244 360 3310 hoc
376 3245 496 3330 animo,
514 3247 741 3334 perituraeque
758 3249 875 3314 addere
892 3247 1008 3334 Trojae
1092 3251 1157 3316 660

92 3351 115 3384 “
134 3349 250 3434 'leque
264 3356 405 3435 tuosque
416 3350 513 3436 juvat
526 3372 536 3434 3
561 3353 727 3438 patet-isti
738 3353 841 3439 janua
856 3354 933 3437 lete,

91 3454 112 3486 “
126 3453 274 3539 Jamque
290 3454 395 3520 aderit
409 3456 516 3521 multo
532 3455 713 3523 Priamide
729 3458 887 3544 sanguine
903 3457 1057 3545 Pyrrhus,

92 3559 282 3624 “Gnatum
298 3567 375 3625 ante
391 3581 446 3626 ora
461 3562 579 3648 patris,
595 3570 725 3647 patrem
740 3563 798 3648 qui
813 3563 985 3630 obtruncat
1001 3567 1044 3632 ad
1059 3587 1140 3634 aras.

93 3661 198 3728 “Hoc
215 3670 297 3748 erat,
314 3663 403 3728 alma
418 3686 544 3750 parens,
562 3667 650 3750 quod
664 3687 718 3730 me
735 3688 792 3752 per
806 3667 886 3753 tela,
903 3690 961 3754 per
975 3669 1068 3756 ignes

93 3765 236 3852 “Eripis
249 3782 259 3843 3
284 3774 324 3831 ut
340 3767 454 3834 mediis
471 3769 601 3834 hostem
615 3769 650 3834 in
665 3771 901 3855 penetralibus,
918 3781 1020 3858 utque
1091 3775 1156 3839 665

93 3870 312 3936 “Ascanium
327 3877 518 3956 patremque
533 3893 646 3938 meum
658 3873 821 3960 juxtaque
838 3877 1004 3960 Creusam,

93 3975 290 4042 “Alterum
304 3975 342 4040 in
357 3971 490 4042 alterius
505 3985 668 4044 mactatos
684 3982 842 4066 sanguine
858 3983 1020 4046 cernam?
