2898 4518
510 333 679 380 aquuleos
701 335 767 383 LIB.
795 335 854 383 vn.

139 489 412 577 Pampineasque
427 499 547 578 gerunt
562 491 725 558 incinctae
741 494 881 579 pellibus
896 495 1017 562 hastas.

139 595 224 682 Ipsa
241 595 329 660 inter
343 595 468 661 medias
483 595 678 681 flagrantem
692 597 816 663 fervida
830 599 946 684 pinum

142 700 309 784 Sustinet,
326 721 364 765 ac
380 707 478 764 natae
495 699 662 786 Turnique
679 702 767 767 canit
782 703 987 787 hymenaeos,

135 807 372 892 ¹Sanguineam
387 813 544 897 torquens
560 806 673 890 aciem,
689 814 884 892 torvumque
900 817 1033 894 repente

142 910 301 977 Clamat:
328 909 349 942 “
360 911 398 975 Io
413 917 545 995 matres,
562 911 685 996 audite,
701 911 759 976 ubi
774 932 933 997 quaeque,
950 913 1107 982 Latinae!
1143 915 1211 980 400

141 1013 167 1047 “
183 1015 220 1082 Si
236 1037 302 1100 qua
317 1015 380 1100 piis
395 1014 513 1079 animis
529 1022 642 1079 manet
657 1015 796 1081 infelicis
811 1017 954 1081 Amatae

143 1118 167 1152 “
182 1119 312 1204 Gratia,
330 1119 358 1184 si
369 1117 453 1204 juris
467 1120 609 1184 materni
625 1142 704 1185 cura
719 1122 881 1186 remordet
895 1143 904 1204 ;

143 1223 166 1256 “
182 1223 305 1290 Solvite
322 1223 458 1288 crinales
472 1223 583 1308 vittas,
601 1224 710 1309 capite
726 1225 814 1308 orgia
829 1245 959 1290 mecum
972 1232 979 1293 1
996 1229 1015 1255 ”

143 1326 264 1392 Talem
278 1327 363 1391 inter
379 1327 487 1410 silvas,
504 1327 590 1392 inter
605 1329 734 1392 deserta
749 1328 898 1412 ferarum,

143 1431 309 1518 Reginam
325 1430 454 1497 Allecto
470 1431 613 1497 stimulis
628 1432 697 1518 agit
714 1431 858 1517 undique
875 1434 1005 1502 Bacchi.
1142 1435 1208 1504 405

214 1535 397 1620 Postquam
413 1534 482 1600 visa
497 1535 576 1600 satis
591 1535 711 1621 primos
727 1535 851 1602 acuisse
866 1537 997 1623 firrores,

143 1639 389 1725 Consiliumque
405 1661 599 1726 omnemque
615 1629 897 1708 domum'vertisse
913 1642 1026 1709 Latini
1041 1666 1050 1727 ;

144 1746 309 1810 Protenus
324 1745 400 1811 hinc
415 1745 515 1810 fuscis
531 1745 633 1810 tristis
649 1747 710 1811 dea
726 1746 854 1811 tollitur
868 1749 928 1814 alis

142 1850 292 1916 Audacis
308 1851 427 1915 Rutuli
443 1851 485 1914 ad
500 1871 737 1935 muros,-quam
753 1851 874 1917 dicitur
887 1853 1002 1918 urbem

141 1953 343 2019 Acrisioneis
361 1954 478 2018 Danae
494 1953 648 2018 fundasse
665 1955 812 2039 colonia·
1140 1959 1206 2024 410

144 2058 325 2143 Praecipiti
341 2057 452 2124 deleta
467 2057 564 2124 Noto,
614 2057 721 2123 Locus
737 2059 846 2124 Ardea
862 2063 1026 2145 quondam
1206 2054 1210 2060 ⁸

143 2163 264 2228 Dictus
280 2163 368 2230 avis:
393 2173 427 2228 et
443 2185 530 2228 nuno
546 2185 704 2249 magnum
719 2173 832 2230 manet
848 2165 958 2232 Ardea
972 2189 1109 2252 nomen;
1136 2225 1141 2236 .

144 2268 209 2334 sed
225 2268 356 2332 fortuna
371 2268 445 2334 fuit.
493 2267 605 2333 Tectis
620 2269 673 2334 hie
692 2269 824 2335 Turnus
840 2270 875 2334 in
891 2271 968 2337 altis

142 2373 224 2438 Jam
240 2373 384 2438 mediam
399 2373 492 2458 nigra
507 2373 662 2460 carpebat
677 2383 772 2440 nocte
787 2375 933 2460 quietem
949 2397 957 2443 :

140 2476 276 2542 Allecto
291 2485 418 2542 torvam
435 2478 551 2542 faciem
567 2486 601 2544 et
614 2479 745 2545 furialia
760 2467 905 2546 membra
1139 2483 1204 2552 415

139 2581 248 2647 Exuit
262 2603 270 2663 ;
294 2582 329 2647 in
344 2584 456 2648 vultus
472 2604 539 2649 sese
556 2584 766 2650 transformat
781 2587 893 2671 aniles,

139 2688 187 2751 Et
204 2687 346 2751 frontem
362 2689 531 2753 obscenam
547 2689 635 2774 rugis
650 2697 721 2754 arat
736 2711 745 2774 3
769 2691 877 2757 induit
893 2693 982 2758 albos

142 2792 228 2858 Cum
245 2793 331 2857 vitta
347 2793 460 2878 crines,
477 2801 552 2858 tum
567 2816 697 2858 ramum
712 2795 850 2862 innectit
866 2798 968 2863 oliuae
984 2819 993 2880 ;

9 2935 15 2946 ·
138 2899 199 2964 Fit
217 2897 339 2982 Galybe
355 2899 379 2963 J
381 2898 497 2963 unonis
512 2919 595 2990 anus
611 2900 790 2985 templique
807 2903 963 2986 sacerdos,

137 3004 185 3068 Et
198 3002 313 3087 juveni
329 3010 407 3066 ante
423 3002 531 3067 oculos
547 3002 598 3068 his
614 3025 647 3068 se
664 3025 739 3068 cum
755 3005 887 3070 vocibus
903 3006 1013 3072 offert:
1136 3007 1203 3072 420

138 3108 160 3141 “
175 3107 297 3191 Turne,
315 3114 365 3171 tot
380 3106 545 3171 incassum
560 3106 647 3172 fusos
663 3107 786 3192 patiere
801 3110 934 3193 labores,

138 3211 224 3276 “Et
240 3218 300 3274 tua
317 3211 491 3276 Dardaniis
507 3212 695 3278 transscribi
711 3221 839 3300 sceptra
855 3215 975 3279 colonis
989 3216 1006 3280 ?

137 3316 159 3349 “
174 3316 250 3380 Rex
266 3315 327 3380 tibi
343 3315 532 3402 eonjugium
548 3325 581 3382 et
597 3317 762 3401 quaesitas
779 3319 937 3404 sanguine
954 3319 1045 3384 dotes

136 3419 159 3452 “
173 3419 341 3504 Abnegat,
359 3427 578 3505 externusque
593 3421 629 3486 in
644 3442 781 3506 regnum
796 3421 962 3506 quaeritur
976 3421 1077 3490 heres.

136 3525 193 3590 “I
209 3546 308 3608 nunc,
326 3525 462 3610 ingratis
478 3525 557 3590 offer
571 3533 615 3608 te,
632 3525 732 3608 irrise,
750 3525 879 3616 periclis
893 3547 903 3608 ;
1135 3531 1201 3596 425

135 3631 159 3663 “
175 3630 369 3714 Tyrrhenas,
385 3631 408 3714 i,
426 3638 532 3696 sterne
549 3629 655 3712 acies3
679 3637 753 3715 tege
769 3652 849 3714 pace
866 3631 1007 3700 Latinos.

136 3737 160 3768 “
177 3735 270 3800 Haec
286 3737 365 3800 adeo
381 3735 444 3800 tibi
458 3755 521 3819 me,
538 3735 669 3820 placida
684 3757 788 3820 quum
804 3743 898 3800 nocte
910 3735 1044 3824 jaceres,

135 3839 158 3872 “
172 3839 252 3925 Ipsa
268 3839 381 3924 palam
395 3839 457 3904 fari
472 3838 675 3924 omnipotens
692 3839 846 3906 Saturnia
856 3837 965 3925 jussit.

135 3943 159 3978 “
175 3945 283 4026 Quare
300 3965 371 4029 age,
389 3951 422 4009 et
438 3943 556 4008 armari
571 3943 693 4028 pubem
708 3943 873 4030 portisque
889 3945 1011 4012 moveri
