<?xml version="1.0" encoding="UTF-8"?>
<!DOCTYPE html PUBLIC "-//W3C//DTD XHTML 1.0 Transitional//EN"
    "http://www.w3.org/TR/xhtml1/DTD/xhtml1-transitional.dtd">
<html xmlns="http://www.w3.org/1999/xhtml" xml:lang="en" lang="en">
 <head>
  <title>
</title>
<meta http-equiv="Content-Type" content="text/html;charset=utf-8" />
  <meta name='ocr-system' content='tesseract 3.04.00' />
  <meta name='ocr-capabilities' content='ocr_page ocr_carea ocr_par ocr_line ocrx_word'/>
</head>
<body>
  <div class='ocr_page' id='page_1' title='image "./virgilsaeneidwi00virggoog_0028.png"; bbox 0 0 2838 4522; ppageno 0'>
   <div class='ocr_carea' id='block_1_1' title="bbox 282 297 963 363">
    <p class='ocr_par' dir='ltr' id='par_1_1' title="bbox 282 297 963 363">
     <span class='ocr_line' id='line_1_1' title="bbox 282 297 963 363; baseline -0.004 0"><span class='ocrx_word' id='word_1_1' title='bbox 282 297 305 363; x_wconf 89' lang='lat'>4</span> <span class='ocrx_word' id='word_1_2' title='bbox 661 313 831 360; x_wconf 74' lang='lat' dir='ltr'>luunrnos</span> <span class='ocrx_word' id='word_1_3' title='bbox 854 313 918 361; x_wconf 81' lang='lat' dir='ltr'>ms.</span> <span class='ocrx_word' id='word_1_4' title='bbox 942 313 963 361; x_wconf 94' lang='lat'>1.</span> 
     </span>
    </p>
   </div>
   <div class='ocr_carea' id='block_1_2' title="bbox 268 471 1273 979">
    <p class='ocr_par' dir='ltr' id='par_1_2' title="bbox 282 471 1273 666">
     <span class='ocr_line' id='line_1_2' title="bbox 282 471 1273 559; baseline -0.001 -18"><span class='ocrx_word' id='word_1_5' title='bbox 282 475 468 542; x_wconf 90' lang='lat' dir='ltr'>Venturum</span> <span class='ocrx_word' id='word_1_6' title='bbox 484 474 608 540; x_wconf 89' lang='lat' dir='ltr'>excidio</span> <span class='ocrx_word' id='word_1_7' title='bbox 623 474 765 559; x_wconf 82' lang='lat' dir='ltr'>Libyae:</span> <span class='ocrx_word' id='word_1_8' title='bbox 791 473 837 538; x_wconf 89' lang='lat' dir='ltr'>sic</span> <span class='ocrx_word' id='word_1_9' title='bbox 848 474 973 538; x_wconf 84' lang='lat' dir='ltr'>volvere</span> <span class='ocrx_word' id='word_1_10' title='bbox 991 473 1118 541; x_wconf 82' lang='lat' dir='ltr'>Parcas,</span> <span class='ocrx_word' id='word_1_11' title='bbox 1140 471 1144 493; x_wconf 79' lang='lat'><em>&#39;</em></span> <span class='ocrx_word' id='word_1_12' title='bbox 1170 497 1210 546; x_wconf 52' lang='lat' dir='ltr'>x·</span> <span class='ocrx_word' id='word_1_13' title='bbox 1272 472 1273 476; x_wconf 62' lang='grc'>’</span> 
     </span>
     <span class='ocr_line' id='line_1_3' title="bbox 283 579 1103 666; baseline -0.001 -20"><span class='ocrx_word' id='word_1_14' title='bbox 283 581 324 646; x_wconf 92' lang='lat' dir='ltr'>Id</span> <span class='ocrx_word' id='word_1_15' title='bbox 339 587 491 645; x_wconf 90' lang='lat' dir='ltr'>metuens</span> <span class='ocrx_word' id='word_1_16' title='bbox 506 580 689 664; x_wconf 86' lang='lat' dir='ltr'>veterisque</span> <span class='ocrx_word' id='word_1_17' title='bbox 706 601 830 644; x_wconf 88' lang='lat' dir='ltr'>memor</span> <span class='ocrx_word' id='word_1_18' title='bbox 847 579 1001 646; x_wconf 84' lang='lat' dir='ltr'>Saturnia</span> <span class='ocrx_word' id='word_1_19' title='bbox 1016 580 1103 666; x_wconf 88' lang='lat' dir='ltr'>belli,</span> 
     </span>
    </p>

    <p class='ocr_par' dir='ltr' id='par_1_3' title="bbox 268 683 1208 979">
     <span class='ocr_line' id='line_1_4' title="bbox 268 683 1186 770; baseline 0.001 -21"><span class='ocrx_word' id='word_1_20' title='bbox 268 684 394 749; x_wconf 85' lang='lat' dir='ltr'>&#39;Prima</span> <span class='ocrx_word' id='word_1_21' title='bbox 409 684 495 769; x_wconf 91' lang='lat' dir='ltr'>quod</span> <span class='ocrx_word' id='word_1_22' title='bbox 511 685 554 748; x_wconf 90' lang='lat' dir='ltr'>ad</span> <span class='ocrx_word' id='word_1_23' title='bbox 571 683 702 768; x_wconf 83' lang='lat' dir='ltr'>Trojam</span> <span class='ocrx_word' id='word_1_24' title='bbox 716 705 774 768; x_wconf 89' lang='lat' dir='ltr'>pro</span> <span class='ocrx_word' id='word_1_25' title='bbox 791 683 871 748; x_wconf 88' lang='lat' dir='ltr'>caris</span> <span class='ocrx_word' id='word_1_26' title='bbox 886 692 1029 769; x_wconf 75' lang='lat' dir='ltr'>gesserat</span> <span class='ocrx_word' id='word_1_27' title='bbox 1045 683 1186 770; x_wconf 87' lang='lat' dir='ltr'>Argis-</span> 
     </span>
     <span class='ocr_line' id='line_1_5' title="bbox 282 789 1142 873; baseline 0.001 -19"><span class='ocrx_word' id='word_1_28' title='bbox 282 789 352 854; x_wconf 86' lang='lat' dir='ltr'>Nec</span> <span class='ocrx_word' id='word_1_29' title='bbox 369 790 449 854; x_wconf 91' lang='lat' dir='ltr'>dum</span> <span class='ocrx_word' id='word_1_30' title='bbox 465 789 566 853; x_wconf 89' lang='lat' dir='ltr'>etiam</span> <span class='ocrx_word' id='word_1_31' title='bbox 582 810 698 853; x_wconf 90' lang='lat' dir='ltr'>causae</span> <span class='ocrx_word' id='word_1_32' title='bbox 714 789 836 853; x_wconf 91' lang='lat' dir='ltr'>irarum</span> <span class='ocrx_word' id='word_1_33' title='bbox 853 789 1003 873; x_wconf 90' lang='lat' dir='ltr'>saevique</span> <span class='ocrx_word' id='word_1_34' title='bbox 1018 790 1142 862; x_wconf 85' lang='lat' dir='ltr'>dolores</span> 
     </span>
     <span class='ocr_line' id='line_1_6' title="bbox 282 893 1208 979; baseline -0.001 -20"><span class='ocrx_word' id='word_1_35' title='bbox 282 893 482 959; x_wconf 74' lang='lat' dir='ltr'>Exciderant</span> <span class='ocrx_word' id='word_1_36' title='bbox 497 893 606 958; x_wconf 90' lang='lat' dir='ltr'>animo</span> <span class='ocrx_word' id='word_1_37' title='bbox 620 913 629 975; x_wconf 91' lang='lat'>;</span> <span class='ocrx_word' id='word_1_38' title='bbox 654 901 766 958; x_wconf 90' lang='lat' dir='ltr'>manet</span> <span class='ocrx_word' id='word_1_39' title='bbox 782 893 852 956; x_wconf 89' lang='lat' dir='ltr'>alta</span> <span class='ocrx_word' id='word_1_40' title='bbox 867 901 977 958; x_wconf 90' lang='lat' dir='ltr'>mente</span> <span class='ocrx_word' id='word_1_41' title='bbox 989 903 1156 979; x_wconf 90' lang='lat' dir='ltr'>repostum</span> <span class='ocrx_word' id='word_1_42' title='bbox 1174 932 1208 958; x_wconf 53' lang='lat' dir='ltr'>x</span> 
     </span>
    </p>
   </div>
   <div class='ocr_carea' id='block_1_3' title="bbox 170 997 1088 1085">
    <p class='ocr_par' dir='ltr' id='par_1_4' title="bbox 170 997 1088 1085">
     <span class='ocr_line' id='line_1_7' title="bbox 170 997 1088 1085; baseline -0.001 -20"><span class='ocrx_word' id='word_1_43' title='bbox 170 1011 172 1018; x_wconf 83' lang='lat'>&#39;</span> <span class='ocrx_word' id='word_1_44' title='bbox 283 1000 306 1065; x_wconf 84' lang='lat' dir='ltr'><strong>J</strong></span> <span class='ocrx_word' id='word_1_45' title='bbox 307 999 453 1064; x_wconf 89' lang='lat' dir='ltr'>udicium</span> <span class='ocrx_word' id='word_1_46' title='bbox 470 999 597 1063; x_wconf 89' lang='lat' dir='ltr'>Paridis</span> <span class='ocrx_word' id='word_1_47' title='bbox 613 1006 803 1083; x_wconf 80' lang='lat' dir='ltr'>spretaeque</span> <span class='ocrx_word' id='word_1_48' title='bbox 818 997 940 1084; x_wconf 87' lang='lat' dir='ltr'>injuria</span> <span class='ocrx_word' id='word_1_49' title='bbox 955 999 1088 1085; x_wconf 83' lang='lat' dir='ltr'>formae,</span> 
     </span>
    </p>
   </div>
   <div class='ocr_carea' id='block_1_4' title="bbox 283 1101 1206 2552">
    <p class='ocr_par' dir='ltr' id='par_1_5' title="bbox 283 1101 1206 2552">
     <span class='ocr_line' id='line_1_8' title="bbox 283 1101 1148 1190; baseline 0.005 -22"><span class='ocrx_word' id='word_1_50' title='bbox 283 1104 329 1169; x_wconf 81' lang='lat' dir='ltr'>Et</span> <span class='ocrx_word' id='word_1_51' title='bbox 344 1125 446 1190; x_wconf 90' lang='lat' dir='ltr'>genus</span> <span class='ocrx_word' id='word_1_52' title='bbox 461 1103 612 1187; x_wconf 89' lang='lat' dir='ltr'>invisum,</span> <span class='ocrx_word' id='word_1_53' title='bbox 630 1109 663 1167; x_wconf 92' lang='lat' dir='ltr'>et</span> <span class='ocrx_word' id='word_1_54' title='bbox 679 1103 767 1188; x_wconf 88' lang='lat' dir='ltr'>rapti</span> <span class='ocrx_word' id='word_1_55' title='bbox 782 1101 983 1187; x_wconf 80' lang='lat' dir='ltr'>Ganymedis</span> <span class='ocrx_word' id='word_1_56' title='bbox 998 1104 1148 1172; x_wconf 91' lang='lat' dir='ltr'>honores:</span> 
     </span>
     <span class='ocr_line' id='line_1_9' title="bbox 283 1207 1010 1294; baseline 0.001 -21"><span class='ocrx_word' id='word_1_57' title='bbox 283 1209 345 1274; x_wconf 90' lang='lat' dir='ltr'>His</span> <span class='ocrx_word' id='word_1_58' title='bbox 361 1231 494 1274; x_wconf 88' lang='lat' dir='ltr'>accensa</span> <span class='ocrx_word' id='word_1_59' title='bbox 510 1229 616 1294; x_wconf 89' lang='lat' dir='ltr'>snper,</span> <span class='ocrx_word' id='word_1_60' title='bbox 629 1207 772 1294; x_wconf 87' lang='lat' dir='ltr'>jactatos</span> <span class='ocrx_word' id='word_1_61' title='bbox 788 1229 925 1293; x_wconf 89' lang='lat' dir='ltr'>aequore</span> <span class='ocrx_word' id='word_1_62' title='bbox 941 1216 1010 1274; x_wconf 92' lang='lat' dir='ltr'>toto</span> 
     </span>
     <span class='ocr_line' id='line_1_10' title="bbox 284 1307 1153 1402; baseline 0.002 -22"><span class='ocrx_word' id='word_1_63' title='bbox 284 1315 394 1400; x_wconf 81' lang='lat' dir='ltr'>Troas,</span> <span class='ocrx_word' id='word_1_64' title='bbox 411 1314 562 1400; x_wconf 87' lang='lat' dir='ltr'>reliquias</span> <span class='ocrx_word' id='word_1_65' title='bbox 579 1314 734 1379; x_wconf 90' lang='lat' dir='ltr'>Danaum</span> <span class='ocrx_word' id='word_1_66' title='bbox 750 1307 1003 1399; x_wconf 62' lang='lat' dir='ltr'>atque&#39;immitis</span> <span class='ocrx_word' id='word_1_67' title='bbox 1018 1315 1153 1402; x_wconf 82' lang='lat' dir='ltr'>Achilli,</span> 
     </span>
     <span class='ocr_line' id='line_1_11' title="bbox 284 1417 1067 1506; baseline 0 -20"><span class='ocrx_word' id='word_1_68' title='bbox 284 1420 427 1486; x_wconf 87' lang='lat' dir='ltr'>Arcobat</span> <span class='ocrx_word' id='word_1_69' title='bbox 442 1420 536 1506; x_wconf 91' lang='lat' dir='ltr'>longe</span> <span class='ocrx_word' id='word_1_70' title='bbox 552 1417 648 1484; x_wconf 84' lang='lat' dir='ltr'>Latio</span> <span class='ocrx_word' id='word_1_71' title='bbox 661 1439 670 1501; x_wconf 91' lang='lat'>;</span> <span class='ocrx_word' id='word_1_72' title='bbox 694 1419 879 1504; x_wconf 92' lang='lat' dir='ltr'>multosque</span> <span class='ocrx_word' id='word_1_73' title='bbox 894 1441 952 1505; x_wconf 90' lang='lat' dir='ltr'>per</span> <span class='ocrx_word' id='word_1_74' title='bbox 966 1442 1067 1486; x_wconf 92' lang='lat' dir='ltr'>annos</span> 
     </span>
     <span class='ocr_line' id='line_1_12' title="bbox 284 1523 1110 1591; baseline 0.001 -2"><span class='ocrx_word' id='word_1_75' title='bbox 284 1525 447 1589; x_wconf 83' lang='lat' dir='ltr'>Errabant</span> <span class='ocrx_word' id='word_1_76' title='bbox 464 1523 624 1589; x_wconf 78' lang='lat' dir='ltr'>actitatis</span> <span class='ocrx_word' id='word_1_77' title='bbox 639 1523 742 1588; x_wconf 87' lang='lat' dir='ltr'>maria</span> <span class='ocrx_word' id='word_1_78' title='bbox 758 1524 867 1588; x_wconf 91' lang='lat' dir='ltr'>omnia</span> <span class='ocrx_word' id='word_1_79' title='bbox 883 1523 1013 1591; x_wconf 88' lang='lat' dir='ltr'>circum.</span> <span class='ocrx_word' id='word_1_80' title='bbox 1108 1585 1110 1590; x_wconf 90' lang='lat'><em>.</em></span> 
     </span>
     <span class='ocr_line' id='line_1_13' title="bbox 284 1627 1176 1715; baseline 0.007 -23"><span class='ocrx_word' id='word_1_81' title='bbox 284 1629 413 1692; x_wconf 76' lang='lat' dir='ltr'>Tantae</span> <span class='ocrx_word' id='word_1_82' title='bbox 429 1627 523 1693; x_wconf 88' lang='lat' dir='ltr'>molis</span> <span class='ocrx_word' id='word_1_83' title='bbox 539 1636 609 1693; x_wconf 87' lang='lat' dir='ltr'>erat</span> <span class='ocrx_word' id='word_1_84' title='bbox 625 1627 809 1693; x_wconf 88' lang='lat' dir='ltr'>Romanam</span> <span class='ocrx_word' id='word_1_85' title='bbox 824 1630 960 1694; x_wconf 91' lang='lat' dir='ltr'>condere</span> <span class='ocrx_word' id='word_1_86' title='bbox 975 1637 1115 1715; x_wconf 84' lang='lat' dir='ltr'>gentem.</span> <span class='ocrx_word' id='word_1_87' title='bbox 1154 1664 1176 1698; x_wconf 58' lang='lat' dir='ltr'>x</span> 
     </span>
     <span class='ocr_line' id='line_1_14' title="bbox 350 1733 1100 1820; baseline 0 -22"><span class='ocrx_word' id='word_1_88' title='bbox 350 1733 419 1798; x_wconf 84' lang='lat' dir='ltr'>Vix</span> <span class='ocrx_word' id='word_1_89' title='bbox 434 1755 451 1798; x_wconf 94' lang='lat' dir='ltr'>e</span> <span class='ocrx_word' id='word_1_90' title='bbox 468 1741 644 1820; x_wconf 86' lang='lat' dir='ltr'>conspectu</span> <span class='ocrx_word' id='word_1_91' title='bbox 662 1733 787 1799; x_wconf 83' lang='lat' dir='ltr'>Siculae</span> <span class='ocrx_word' id='word_1_92' title='bbox 804 1734 928 1800; x_wconf 86' lang='lat' dir='ltr'>telluris</span> <span class='ocrx_word' id='word_1_93' title='bbox 943 1735 979 1800; x_wconf 90' lang='lat' dir='ltr'>in</span> <span class='ocrx_word' id='word_1_94' title='bbox 994 1736 1100 1800; x_wconf 89' lang='lat' dir='ltr'>altum</span> 
     </span>
     <span class='ocr_line' id='line_1_15' title="bbox 284 1839 1148 1926; baseline 0.002 -23"><span class='ocrx_word' id='word_1_95' title='bbox 284 1839 368 1903; x_wconf 92' lang='lat' dir='ltr'>Vela</span> <span class='ocrx_word' id='word_1_96' title='bbox 383 1839 508 1904; x_wconf 90' lang='lat' dir='ltr'>dabant</span> <span class='ocrx_word' id='word_1_97' title='bbox 524 1839 605 1904; x_wconf 89' lang='lat' dir='ltr'>laeti</span> <span class='ocrx_word' id='word_1_98' title='bbox 620 1845 653 1903; x_wconf 92' lang='lat' dir='ltr'>et</span> <span class='ocrx_word' id='word_1_99' title='bbox 670 1861 804 1924; x_wconf 88' lang='lat' dir='ltr'>spumas</span> <span class='ocrx_word' id='word_1_100' title='bbox 821 1839 897 1906; x_wconf 90' lang='lat' dir='ltr'>salis</span> <span class='ocrx_word' id='word_1_101' title='bbox 912 1861 984 1904; x_wconf 90' lang='lat' dir='ltr'>aere</span> <span class='ocrx_word' id='word_1_102' title='bbox 1000 1841 1148 1926; x_wconf 81' lang='lat' dir='ltr'>ruebant,</span> 
     </span>
     <span class='ocr_line' id='line_1_16' title="bbox 285 1943 1206 2030; baseline 0.003 -22"><span class='ocrx_word' id='word_1_103' title='bbox 285 1945 394 2026; x_wconf 81' lang='lat' dir='ltr'>Quum</span> <span class='ocrx_word' id='word_1_104' title='bbox 410 1943 511 2028; x_wconf 80' lang='lat' dir='ltr'>duno,</span> <span class='ocrx_word' id='word_1_105' title='bbox 529 1951 696 2008; x_wconf 89' lang='lat' dir='ltr'>aeternum</span> <span class='ocrx_word' id='word_1_106' title='bbox 712 1963 840 2009; x_wconf 88' lang='lat' dir='ltr'>servans</span> <span class='ocrx_word' id='word_1_107' title='bbox 856 1945 917 2009; x_wconf 91' lang='lat' dir='ltr'>sub</span> <span class='ocrx_word' id='word_1_108' title='bbox 933 1953 1061 2030; x_wconf 90' lang='lat' dir='ltr'>pectore</span> <span class='ocrx_word' id='word_1_109' title='bbox 1077 1947 1206 2027; x_wconf 86' lang='lat' dir='ltr'>vulnus,</span> 
     </span>
     <span class='ocr_line' id='line_1_17' title="bbox 284 2048 1188 2136; baseline 0.003 -24"><span class='ocrx_word' id='word_1_110' title='bbox 284 2049 376 2113; x_wconf 90' lang='lat' dir='ltr'>Haec</span> <span class='ocrx_word' id='word_1_111' title='bbox 394 2071 525 2116; x_wconf 90' lang='lat' dir='ltr'>secum:</span> <span class='ocrx_word' id='word_1_112' title='bbox 553 2048 682 2114; x_wconf 88' lang='lat' dir='ltr'>“Mene</span> <span class='ocrx_word' id='word_1_113' title='bbox 697 2049 827 2134; x_wconf 88' lang='lat' dir='ltr'>incepto</span> <span class='ocrx_word' id='word_1_114' title='bbox 843 2051 997 2116; x_wconf 85' lang='lat' dir='ltr'>desistere</span> <span class='ocrx_word' id='word_1_115' title='bbox 1012 2051 1144 2136; x_wconf 89' lang='lat' dir='ltr'>victam,</span> <span class='ocrx_word' id='word_1_116' title='bbox 1178 2099 1188 2115; x_wconf 92' lang='lat'>.</span> 
     </span>
     <span class='ocr_line' id='line_1_18' title="bbox 286 2153 1146 2242; baseline 0.006 -24"><span class='ocrx_word' id='word_1_117' title='bbox 286 2153 389 2219; x_wconf 87' lang='lat' dir='ltr'>“Nec</span> <span class='ocrx_word' id='word_1_118' title='bbox 405 2176 497 2239; x_wconf 92' lang='lat' dir='ltr'>posse</span> <span class='ocrx_word' id='word_1_119' title='bbox 514 2153 615 2218; x_wconf 89' lang='lat' dir='ltr'>Italia</span> <span class='ocrx_word' id='word_1_120' title='bbox 632 2154 830 2220; x_wconf 82' lang='lat' dir='ltr'>Teucrorum</span> <span class='ocrx_word' id='word_1_121' title='bbox 846 2169 991 2220; x_wconf 88' lang='lat' dir='ltr'>avertere</span> <span class='ocrx_word' id='word_1_122' title='bbox 1007 2178 1114 2242; x_wconf 88' lang='lat' dir='ltr'>regem</span> <span class='ocrx_word' id='word_1_123' title='bbox 1130 2160 1146 2223; x_wconf 84' lang='lat'><em>?</em></span> 
     </span>
     <span class='ocr_line' id='line_1_19' title="bbox 285 2259 1152 2344; baseline 0.006 -21"><span class='ocrx_word' id='word_1_124' title='bbox 285 2259 306 2291; x_wconf 87' lang='lat'><strong>“</strong></span> <span class='ocrx_word' id='word_1_125' title='bbox 320 2260 448 2344; x_wconf 79' lang='lat' dir='ltr'>Quippe</span> <span class='ocrx_word' id='word_1_126' title='bbox 463 2267 554 2324; x_wconf 85' lang='lat' dir='ltr'>vetor</span> <span class='ocrx_word' id='word_1_127' title='bbox 568 2259 655 2325; x_wconf 87' lang='lat' dir='ltr'>fatis.</span> <span class='ocrx_word' id='word_1_128' title='bbox 703 2261 855 2325; x_wconf 87' lang='lat' dir='ltr'>Pallasne</span> <span class='ocrx_word' id='word_1_129' title='bbox 871 2283 1000 2326; x_wconf 88' lang='lat' dir='ltr'>exurere</span> <span class='ocrx_word' id='word_1_130' title='bbox 1017 2263 1152 2328; x_wconf 89' lang='lat' dir='ltr'>classem</span> 
     </span>
     <span class='ocr_line' id='line_1_20' title="bbox 285 2364 1155 2452; baseline 0.005 -24"><span class='ocrx_word' id='word_1_131' title='bbox 285 2365 306 2397; x_wconf 89' lang='lat'><strong><em>“</em></strong></span> <span class='ocrx_word' id='word_1_132' title='bbox 319 2365 480 2450; x_wconf 77' lang='lat' dir='ltr'>Argivum</span> <span class='ocrx_word' id='word_1_133' title='bbox 496 2371 595 2448; x_wconf 89' lang='lat' dir='ltr'>atque</span> <span class='ocrx_word' id='word_1_134' title='bbox 610 2364 696 2448; x_wconf 87' lang='lat' dir='ltr'>ipsos</span> <span class='ocrx_word' id='word_1_135' title='bbox 712 2364 821 2448; x_wconf 87' lang='lat' dir='ltr'>potuit</span> <span class='ocrx_word' id='word_1_136' title='bbox 838 2366 1039 2452; x_wconf 85' lang='lat' dir='ltr'>submergere</span> <span class='ocrx_word' id='word_1_137' title='bbox 1055 2375 1155 2452; x_wconf 89' lang='lat' dir='ltr'>ponto</span> 
     </span>
     <span class='ocr_line' id='line_1_21' title="bbox 285 2467 1048 2552; baseline 0.004 -18"><span class='ocrx_word' id='word_1_138' title='bbox 285 2468 429 2534; x_wconf 85' lang='lat' dir='ltr'>“Unius</span> <span class='ocrx_word' id='word_1_139' title='bbox 446 2469 485 2533; x_wconf 93' lang='lat' dir='ltr'>ob</span> <span class='ocrx_word' id='word_1_140' title='bbox 501 2489 621 2532; x_wconf 88' lang='lat' dir='ltr'>noxam</span> <span class='ocrx_word' id='word_1_141' title='bbox 637 2475 670 2532; x_wconf 91' lang='lat' dir='ltr'>et</span> <span class='ocrx_word' id='word_1_142' title='bbox 685 2468 785 2532; x_wconf 78' lang='lat' dir='ltr'>furias</span> <span class='ocrx_word' id='word_1_143' title='bbox 801 2467 912 2552; x_wconf 90' lang='lat' dir='ltr'>Ajacis</span> <span class='ocrx_word' id='word_1_144' title='bbox 930 2469 1015 2536; x_wconf 90' lang='lat' dir='ltr'>Oilei</span> <span class='ocrx_word' id='word_1_145' title='bbox 1031 2473 1048 2537; x_wconf 72' lang='grc' dir='ltr'><em>Ρ</em></span> 
     </span>
    </p>
   </div>
   <div class='ocr_carea' id='block_1_5' title="bbox 171 2569 1282 2660">
    <p class='ocr_par' dir='ltr' id='par_1_6' title="bbox 171 2569 1282 2660">
     <span class='ocr_line' id='line_1_22' title="bbox 171 2569 1282 2660; baseline 0.029 -41"><span class='ocrx_word' id='word_1_146' title='bbox 171 2652 175 2658; x_wconf 20' lang='grc' dir='ltr'>ι</span> <span class='ocrx_word' id='word_1_147' title='bbox 286 2571 305 2603; x_wconf 88' lang='lat'><strong><em>“</em></strong></span> <span class='ocrx_word' id='word_1_148' title='bbox 319 2571 407 2657; x_wconf 88' lang='lat' dir='ltr'>Ipsa,</span> <span class='ocrx_word' id='word_1_149' title='bbox 423 2570 448 2636; x_wconf 80' lang='lat' dir='ltr'>J</span> <span class='ocrx_word' id='word_1_150' title='bbox 450 2571 517 2636; x_wconf 91' lang='lat' dir='ltr'>ovis</span> <span class='ocrx_word' id='word_1_151' title='bbox 533 2569 681 2655; x_wconf 90' lang='lat' dir='ltr'>rapidum</span> <span class='ocrx_word' id='word_1_152' title='bbox 693 2569 840 2654; x_wconf 86' lang='lat' dir='ltr'>jaculata</span> <span class='ocrx_word' id='word_1_153' title='bbox 856 2573 1028 2638; x_wconf 80' lang='lat' dir='ltr'>anubibus</span> <span class='ocrx_word' id='word_1_154' title='bbox 1044 2574 1163 2660; x_wconf 88' lang='lat' dir='ltr'>ignem,</span> <span class='ocrx_word' id='word_1_155' title='bbox 1280 2581 1282 2584; x_wconf 64' lang='grc'><strong>’</strong></span> 
     </span>
    </p>
   </div>
   <div class='ocr_carea' id='block_1_6' title="bbox 284 2673 1352 4022">
    <p class='ocr_par' dir='ltr' id='par_1_7' title="bbox 286 2673 1118 2761">
     <span class='ocr_line' id='line_1_23' title="bbox 286 2673 1118 2761; baseline 0.005 -23"><span class='ocrx_word' id='word_1_156' title='bbox 286 2674 306 2706; x_wconf 84' lang='grc'><strong>“</strong></span> <span class='ocrx_word' id='word_1_157' title='bbox 320 2673 521 2759; x_wconf 88' lang='lat' dir='ltr'>Disjecitquc</span> <span class='ocrx_word' id='word_1_158' title='bbox 538 2682 622 2738; x_wconf 89' lang='lat' dir='ltr'>rates</span> <span class='ocrx_word' id='word_1_159' title='bbox 640 2673 821 2761; x_wconf 88' lang='lat' dir='ltr'>evertitque</span> <span class='ocrx_word' id='word_1_160' title='bbox 837 2695 976 2760; x_wconf 89' lang='lat' dir='ltr'>aequora</span> <span class='ocrx_word' id='word_1_161' title='bbox 990 2678 1096 2742; x_wconf 87' lang='lat' dir='ltr'>ventis</span> <span class='ocrx_word' id='word_1_162' title='bbox 1110 2699 1118 2760; x_wconf 83' lang='lat'><em>3</em></span> 
     </span>
    </p>

    <p class='ocr_par' dir='ltr' id='par_1_8' title="bbox 286 2763 1139 2866">
     <span class='ocr_line' id='line_1_24' title="bbox 286 2763 1139 2866; baseline 0.006 -24"><span class='ocrx_word' id='word_1_163' title='bbox 286 2783 306 2811; x_wconf 77' lang='lat'>‘⁵</span> <span class='ocrx_word' id='word_1_164' title='bbox 320 2779 422 2843; x_wconf 92' lang='lat' dir='ltr'>Illum</span> <span class='ocrx_word' id='word_1_165' title='bbox 438 2778 657 2866; x_wconf 80' lang='lat' dir='ltr'>exspirantem</span> <span class='ocrx_word' id='word_1_166' title='bbox 673 2763 829 2844; x_wconf 84' lang='lat' dir='ltr'>transfixo</span> <span class='ocrx_word' id='word_1_167' title='bbox 845 2789 974 2864; x_wconf 88' lang='lat' dir='ltr'>pectore</span> <span class='ocrx_word' id='word_1_168' title='bbox 990 2781 1139 2848; x_wconf 86' lang='lat' dir='ltr'>flammas</span> 
     </span>
    </p>

    <p class='ocr_par' dir='ltr' id='par_1_9' title="bbox 286 2882 1143 2988">
     <span class='ocr_line' id='line_1_25' title="bbox 286 2882 1143 2988; baseline 0.004 -40"><span class='ocrx_word' id='word_1_169' title='bbox 286 2883 305 2916; x_wconf 87' lang='lat'><strong>“</strong></span> <span class='ocrx_word' id='word_1_170' title='bbox 321 2883 465 2948; x_wconf 78' lang='lat' dir='ltr'>Turbine</span> <span class='ocrx_word' id='word_1_171' title='bbox 481 2882 644 2968; x_wconf 88' lang='lat' dir='ltr'>corripuit,</span> <span class='ocrx_word' id='word_1_172' title='bbox 662 2884 856 2968; x_wconf 92' lang='lat' dir='ltr'>scopuloque</span> <span class='ocrx_word' id='word_1_173' title='bbox 872 2885 981 2950; x_wconf 87' lang='lat' dir='ltr'>infixit</span> <span class='ocrx_word' id='word_1_174' title='bbox 997 2893 1143 2988; x_wconf 53' lang='lat' dir='ltr'>acuto(</span> 
     </span>
    </p>

    <p class='ocr_par' dir='ltr' id='par_1_10' title="bbox 286 2988 1140 3077">
     <span class='ocr_line' id='line_1_26' title="bbox 286 2988 1140 3077; baseline 0.005 -23"><span class='ocrx_word' id='word_1_175' title='bbox 286 2988 384 3054; x_wconf 87' lang='lat' dir='ltr'>“Ast</span> <span class='ocrx_word' id='word_1_176' title='bbox 400 3009 468 3074; x_wconf 88' lang='lat' dir='ltr'>ego,</span> <span class='ocrx_word' id='word_1_177' title='bbox 486 3010 569 3073; x_wconf 91' lang='lat' dir='ltr'>quae</span> <span class='ocrx_word' id='word_1_178' title='bbox 585 2989 700 3053; x_wconf 79' lang='lat' dir='ltr'>divtm</span> <span class='ocrx_word' id='word_1_179' title='bbox 715 2989 829 3055; x_wconf 91' lang='lat' dir='ltr'>incedo</span> <span class='ocrx_word' id='word_1_180' title='bbox 845 2991 966 3076; x_wconf 90' lang='lat' dir='ltr'>regina,</span> <span class='ocrx_word' id='word_1_181' title='bbox 983 2991 1007 3057; x_wconf 82' lang='lat' dir='ltr'><strong>J</strong></span> <span class='ocrx_word' id='word_1_182' title='bbox 1009 2993 1140 3077; x_wconf 89' lang='lat' dir='ltr'>ovisque</span> 
     </span>
    </p>

    <p class='ocr_par' dir='ltr' id='par_1_11' title="bbox 286 3092 1133 3180">
     <span class='ocr_line' id='line_1_27' title="bbox 286 3092 1133 3180; baseline 0.006 -22"><span class='ocrx_word' id='word_1_183' title='bbox 286 3093 366 3158; x_wconf 84' lang='lat' dir='ltr'>“Et</span> <span class='ocrx_word' id='word_1_184' title='bbox 383 3116 469 3160; x_wconf 89' lang='lat' dir='ltr'>soror</span> <span class='ocrx_word' id='word_1_185' title='bbox 483 3100 517 3158; x_wconf 91' lang='lat' dir='ltr'>et</span> <span class='ocrx_word' id='word_1_186' title='bbox 533 3092 663 3178; x_wconf 88' lang='lat' dir='ltr'>conjnx,</span> <span class='ocrx_word' id='word_1_187' title='bbox 681 3115 747 3158; x_wconf 90' lang='lat' dir='ltr'>una</span> <span class='ocrx_word' id='word_1_188' title='bbox 763 3116 840 3159; x_wconf 90' lang='lat' dir='ltr'>cum</span> <span class='ocrx_word' id='word_1_189' title='bbox 855 3103 952 3180; x_wconf 89' lang='lat' dir='ltr'>gente</span> <span class='ocrx_word' id='word_1_190' title='bbox 967 3104 1018 3161; x_wconf 92' lang='lat' dir='ltr'>tot</span> <span class='ocrx_word' id='word_1_191' title='bbox 1034 3119 1133 3163; x_wconf 90' lang='lat' dir='ltr'>annos</span> 
     </span>
    </p>

    <p class='ocr_par' dir='ltr' id='par_1_12' title="bbox 286 3197 1239 3284">
     <span class='ocr_line' id='line_1_28' title="bbox 286 3197 1239 3284; baseline 0.002 -22"><span class='ocrx_word' id='word_1_192' title='bbox 286 3198 307 3231; x_wconf 89' lang='lat'><strong><em>“</em></strong></span> <span class='ocrx_word' id='word_1_193' title='bbox 322 3197 414 3263; x_wconf 92' lang='lat' dir='ltr'>Bella</span> <span class='ocrx_word' id='word_1_194' title='bbox 428 3220 503 3284; x_wconf 87' lang='lat' dir='ltr'>gero</span> <span class='ocrx_word' id='word_1_195' title='bbox 518 3199 534 3264; x_wconf 75' lang='grc' dir='ltr'><strong><em>Ρ</em></strong></span> <span class='ocrx_word' id='word_1_196' title='bbox 582 3198 628 3262; x_wconf 87' lang='lat' dir='ltr'>Et</span> <span class='ocrx_word' id='word_1_197' title='bbox 644 3197 818 3282; x_wconf 90' lang='lat' dir='ltr'>quisquam</span> <span class='ocrx_word' id='word_1_198' title='bbox 833 3219 956 3264; x_wconf 87' lang='lat' dir='ltr'>numen</span> <span class='ocrx_word' id='word_1_199' title='bbox 970 3199 1111 3266; x_wconf 80' lang='lat' dir='ltr'>Junonis</span> <span class='ocrx_word' id='word_1_200' title='bbox 1126 3203 1239 3267; x_wconf 87' lang='lat' dir='ltr'>adorat.</span> 
     </span>
    </p>

    <p class='ocr_par' dir='ltr' id='par_1_13' title="bbox 286 3304 1208 3390">
     <span class='ocr_line' id='line_1_29' title="bbox 286 3304 1208 3390; baseline 0.004 -22"><span class='ocrx_word' id='word_1_201' title='bbox 286 3305 306 3338; x_wconf 85' lang='lat'><strong><em>“</em></strong></span> <span class='ocrx_word' id='word_1_202' title='bbox 320 3306 502 3390; x_wconf 88' lang='lat' dir='ltr'>Praeterea,</span> <span class='ocrx_word' id='word_1_203' title='bbox 520 3312 580 3369; x_wconf 89' lang='lat' dir='ltr'>aut</span> <span class='ocrx_word' id='word_1_204' title='bbox 596 3304 735 3390; x_wconf 84' lang='lat' dir='ltr'>supplex</span> <span class='ocrx_word' id='word_1_205' title='bbox 751 3305 815 3370; x_wconf 89' lang='lat' dir='ltr'>aris</span> <span class='ocrx_word' id='word_1_206' title='bbox 830 3305 978 3390; x_wconf 89' lang='lat' dir='ltr'>imponet</span> <span class='ocrx_word' id='word_1_207' title='bbox 994 3306 1147 3372; x_wconf 92' lang='lat' dir='ltr'>honorem</span> <span class='ocrx_word' id='word_1_208' title='bbox 1161 3310 1177 3372; x_wconf 80' lang='lat' dir='ltr'>P</span> <span class='ocrx_word' id='word_1_209' title='bbox 1189 3311 1208 3337; x_wconf 77' lang='lat'>’³</span> 
     </span>
    </p>

    <p class='ocr_par' dir='ltr' id='par_1_14' title="bbox 285 3410 1349 3726">
     <span class='ocr_line' id='line_1_30' title="bbox 285 3410 1349 3482; baseline 0.005 -8"><span class='ocrx_word' id='word_1_210' title='bbox 285 3411 379 3475; x_wconf 81' lang='lat' dir='ltr'>Talia</span> <span class='ocrx_word' id='word_1_211' title='bbox 394 3410 562 3474; x_wconf 87' lang='lat' dir='ltr'>flammato</span> <span class='ocrx_word' id='word_1_212' title='bbox 579 3431 690 3475; x_wconf 92' lang='lat' dir='ltr'>secum</span> <span class='ocrx_word' id='word_1_213' title='bbox 705 3410 766 3474; x_wconf 87' lang='lat' dir='ltr'>dea</span> <span class='ocrx_word' id='word_1_214' title='bbox 783 3411 875 3474; x_wconf 87' lang='lat' dir='ltr'>corde</span> <span class='ocrx_word' id='word_1_215' title='bbox 891 3411 1044 3476; x_wconf 87' lang='lat' dir='ltr'>volutans</span> <span class='ocrx_word' id='word_1_216' title='bbox 1303 3417 1349 3482; x_wconf 85' lang='lat'>50</span> 
     </span>
     <span class='ocr_line' id='line_1_31' title="bbox 285 3512 1222 3602; baseline 0.003 -22"><span class='ocrx_word' id='word_1_217' title='bbox 285 3516 481 3580; x_wconf 89' lang='lat' dir='ltr'>Nimborum</span> <span class='ocrx_word' id='word_1_218' title='bbox 496 3512 697 3600; x_wconf 78' lang='lat' dir='ltr'>lupatriam,</span> <span class='ocrx_word' id='word_1_219' title='bbox 714 3515 785 3580; x_wconf 89' lang='lat' dir='ltr'>loca</span> <span class='ocrx_word' id='word_1_220' title='bbox 800 3515 868 3580; x_wconf 89' lang='lat' dir='ltr'>feta</span> <span class='ocrx_word' id='word_1_221' title='bbox 883 3515 1064 3582; x_wconf 85' lang='lat' dir='ltr'>furentibus</span> <span class='ocrx_word' id='word_1_222' title='bbox 1080 3517 1222 3602; x_wconf 84' lang='lat' dir='ltr'>Austris,</span> 
     </span>
     <span class='ocr_line' id='line_1_32' title="bbox 285 3619 1086 3726; baseline 0 -40"><span class='ocrx_word' id='word_1_223' title='bbox 285 3620 434 3686; x_wconf 89' lang='lat' dir='ltr'>Aeoliam</span> <span class='ocrx_word' id='word_1_224' title='bbox 448 3619 563 3726; x_wconf 56' lang='lat' dir='ltr'>venit:</span> <span class='ocrx_word' id='word_1_225' title='bbox 594 3619 658 3684; x_wconf 90' lang='lat' dir='ltr'>Hic</span> <span class='ocrx_word' id='word_1_226' title='bbox 675 3625 767 3684; x_wconf 86' lang='lat' dir='ltr'>vasto</span> <span class='ocrx_word' id='word_1_227' title='bbox 783 3641 841 3684; x_wconf 88' lang='lat' dir='ltr'>rex</span> <span class='ocrx_word' id='word_1_228' title='bbox 855 3620 978 3687; x_wconf 90' lang='lat' dir='ltr'>Aeolus</span> <span class='ocrx_word' id='word_1_229' title='bbox 994 3629 1086 3686; x_wconf 89' lang='lat' dir='ltr'>antro</span> 
     </span>
    </p>

    <p class='ocr_par' dir='ltr' id='par_1_15' title="bbox 284 3725 1033 3810">
     <span class='ocr_line' id='line_1_33' title="bbox 284 3725 1033 3810; baseline -0.001 -19"><span class='ocrx_word' id='word_1_230' title='bbox 284 3725 465 3792; x_wconf 81' lang='lat' dir='ltr'>Laetantes</span> <span class='ocrx_word' id='word_1_231' title='bbox 480 3731 595 3789; x_wconf 84' lang='lat' dir='ltr'>ventos</span> <span class='ocrx_word' id='word_1_232' title='bbox 610 3732 888 3810; x_wconf 86' lang='lat' dir='ltr'>tempestatesque</span> <span class='ocrx_word' id='word_1_233' title='bbox 906 3747 1033 3791; x_wconf 90' lang='lat' dir='ltr'>sonoras</span> 
     </span>
    </p>

    <p class='ocr_par' dir='ltr' id='par_1_16' title="bbox 285 3828 1075 3916">
     <span class='ocr_line' id='line_1_34' title="bbox 285 3828 1075 3916; baseline 0.003 -21"><span class='ocrx_word' id='word_1_234' title='bbox 285 3828 426 3916; x_wconf 90' lang='lat' dir='ltr'>Imperio</span> <span class='ocrx_word' id='word_1_235' title='bbox 441 3829 572 3914; x_wconf 86' lang='lat' dir='ltr'>premit,</span> <span class='ocrx_word' id='word_1_236' title='bbox 590 3851 627 3894; x_wconf 89' lang='lat' dir='ltr'>ac</span> <span class='ocrx_word' id='word_1_237' title='bbox 643 3828 756 3895; x_wconf 87' lang='lat' dir='ltr'>vinclis</span> <span class='ocrx_word' id='word_1_238' title='bbox 771 3837 805 3895; x_wconf 90' lang='lat' dir='ltr'>et</span> <span class='ocrx_word' id='word_1_239' title='bbox 821 3851 945 3895; x_wconf 89' lang='lat' dir='ltr'>carcere</span> <span class='ocrx_word' id='word_1_240' title='bbox 959 3831 1075 3898; x_wconf 87' lang='lat' dir='ltr'>frenat.</span> 
     </span>
    </p>

    <p class='ocr_par' dir='ltr' id='par_1_17' title="bbox 286 3934 1352 4022">
     <span class='ocr_line' id='line_1_35' title="bbox 286 3934 1352 4022; baseline 0.002 -20"><span class='ocrx_word' id='word_1_241' title='bbox 286 3936 340 4002; x_wconf 90' lang='lat' dir='ltr'>Illi</span> <span class='ocrx_word' id='word_1_242' title='bbox 354 3934 575 4021; x_wconf 81' lang='lat' dir='ltr'>indignantes,</span> <span class='ocrx_word' id='word_1_243' title='bbox 591 3955 711 4020; x_wconf 90' lang='lat' dir='ltr'>magno</span> <span class='ocrx_word' id='word_1_244' title='bbox 728 3957 802 4000; x_wconf 88' lang='lat' dir='ltr'>cum</span> <span class='ocrx_word' id='word_1_245' title='bbox 818 3957 985 4001; x_wconf 88' lang='lat' dir='ltr'>murmure</span> <span class='ocrx_word' id='word_1_246' title='bbox 1000 3938 1130 4022; x_wconf 88' lang='lat' dir='ltr'>montis,</span> <span class='ocrx_word' id='word_1_247' title='bbox 1196 3965 1198 3968; x_wconf 93' lang='lat'>·</span> <span class='ocrx_word' id='word_1_248' title='bbox 1306 3945 1352 4011; x_wconf 85' lang='lat'>55</span> 
     </span>
    </p>
   </div>
   <div class='ocr_carea' id='block_1_7' title="bbox 0 0 1429 4522">
    <p class='ocr_par' dir='ltr' id='par_1_18' title="bbox 0 0 1429 4522">
     <span class='ocr_line' id='line_1_36' title="bbox 0 0 1429 4522; baseline 0 0"><span class='ocrx_word' id='word_1_249' title='bbox 0 0 1429 4522; x_wconf 95' lang='lat' dir='ltr'> </span> 
     </span>
    </p>
   </div>
  </div>
 </body>
</html>
