2898 4518
501 346 671 394 1611111166
695 347 761 393 nra.
787 346 831 394 vr.
1135 325 1199 390 139

130 508 320 594 Corripiunt
337 509 486 593 spatium
501 507 657 590 medium,
674 506 861 590 foribusque
877 504 1110 591 propinquant.

130 613 286 699 Occupat
303 613 436 678 Aeneas
453 613 592 694 aditum,
609 631 789 696 corpusque
807 610 930 674 recenti
1132 609 1197 675 635

129 718 267 806 Spargit
283 742 381 804 aqua,
398 739 591 802 ramumque
607 719 740 782 adverso
756 716 791 780 in
805 716 921 781 limine
936 715 1020 802 figit.

196 824 263 888 His
278 825 414 888 demum
430 823 564 906 exactis,
582 821 724 907 perfecto
739 841 872 886 munere
888 821 992 904 divae,

128 927 299 994 Devenere
315 929 402 994 locos
417 929 519 993 laetos
535 935 569 991 61
585 948 722 992 amoena
737 927 842 990 vireta

128 1033 391 1098 Fortunatorum
407 1053 577 1097 nemorum
593 1032 747 1116 sedesque
763 1031 885 1096 beatas.

128 1138 268 1224 Largior
282 1138 335 1203 hic
352 1159 484 1223 campos
499 1137 612 1202 aether
627 1143 661 1201 et
676 1136 801 1200 lumine
816 1135 917 1200 vestit
1134 1135 1199 1199 640

128 1244 314 1329 Purpure0,
331 1243 494 1327 solemque
511 1262 619 1324 suum,
637 1262 697 1305 sua
712 1241 816 1305 sidera
832 1247 960 1305 norunt.

128 1349 213 1414 Pars
229 1349 266 1412 in
282 1347 456 1434 gramineis
471 1353 622 1412 exercent
638 1346 784 1410 membra
800 1344 984 1430 palaestris,

129 1453 350 1519 Contendunt
365 1452 444 1516 ludo
461 1459 494 1516 et
509 1451 600 1516 fulva
617 1452 788 1516 luctantur
803 1471 920 1532 arena3

129 1559 212 1624 Pars
230 1559 372 1644 pedibus
388 1559 551 1643 plaudunt
566 1557 697 1622 choreas
713 1564 746 1620 et
762 1556 908 1620 carmina
923 1557 1048 1622 dicunt.

128 1663 200 1728 Nec
219 1685 286 1727 non
302 1661 471 1726 Threicius
487 1663 583 1747 longa
599 1682 675 1725 oum
690 1669 782 1726 veste
798 1662 945 1726 sacerdos
1126 1659 1191 1727 645

130 1767 336 1852 Obloquitur
351 1766 493 1832 numeris
510 1774 637 1852 septem
652 1765 838 1830 discrimina
853 1788 979 1850 vocum,

127 1870 278 1956 Jamque
294 1871 408 1935 eadem
423 1869 544 1954 digitis,
558 1868 628 1954 jam
646 1869 774 1954 pectine
789 1870 900 1954 pulsat
916 1871 1044 1934 eburno.

128 1975 195 2040 Hic
213 1997 316 2061 genus
332 1975 506 2058 antiquum
523 1973 650 2057 Teucri,
669 1973 887 2059 pulcherrima
902 1973 1016 2058 proles,

129 2081 339 2167 Magnanimi
353 2080 475 2163 heroes,
492 2079 566 2144 nati
581 2079 767 2144 melioribus
785 2079 890 2162 annis,

128 2187 269 2270 Ilusque
286 2186 529 2270 Assaracusque
545 2193 579 2250 et
597 2183 711 2268 Trojae
729 2183 906 2248 Dardanus
922 2194 1043 2249 auctor.
1131 2185 1196 2250 650

128 2291 237 2356 Arma
252 2291 364 2376 procul
379 2311 553 2373 currusque
568 2289 675 2353 11111111
691 2289 829 2352 miratur
844 2288 977 2369 inanes;

130 2395 235 2462 Stant
251 2403 336 2460 terra
352 2395 477 2460 defixae
492 2395 617 2478 hastae,
634 2393 819 2479 passimque
836 2393 935 2458 soluti

129 2501 197 2566 Per
213 2523 366 2586 campum
381 2506 562 2586 pascuntur
577 2499 674 2583 equi:
700 2519 782 2582 quae
798 2499 904 2584 gratia
919 2519 1075 2562 curruum

130 2607 373 2692 Armornmque
389 2605 453 2670 fuit
470 2604 565 2687 vivis,
584 2625 667 2689 quae
682 2626 761 2669 61116
776 2605 919 2669 nitentes

129 2711 269 2776 Pascere
285 2732 396 2795 equos,
415 2710 528 2774 eadem
545 2708 691 2794 sequitur
706 2709 823 2772 tellure
840 2716 991 2794 repostos.
1128 2709 1194 2774 655

131 2813 313 2900 Conspicit,
330 2835 414 2898 eece,
431 2813 509 2878 alios
526 2813 643 2877 dextra
658 2813 815 2897 laevaque
831 2833 889 2898 per
904 2812 1037 2877 herbam

130 2917 312 2984 Vescentes
326 2919 517 3002 laetumque
535 2917 630 2982 choro
647 2917 780 2980 Paeana
795 2923 949 2982 canentes

130 3025 227 3088 Inter
243 3025 415 3088 odoratum
429 3023 513 3088 lauri
527 3043 654 3108 nemus,
671 3023 758 3087 unde
775 3043 912 3108 superne

131 3129 303 3194 Plurimus
318 3127 453 3192 Eridani
469 3149 527 3212 per
541 3127 659 3193 silvam
674 3127 816 3192 volvitur
831 3124 946 3191 amnis.

130 3234 196 3298 Hic
214 3253 343 3316 manus,
360 3232 401 3297 ob
417 3232 559 3318 1161116111
574 3232 751 3318 pugnando
765 3232 901 3296 vulnera
916 3228 1014 3314 passi,
1129 3229 1194 3294 660

129 3338 259 3422 Quique
276 3338 458 3402 sacerdotes
473 3337 567 3421 casti,
585 3337 666 3402 dum
680 3336 750 3401 vita
765 3335 931 3419 manebat,

131 3443 263 3528 Quique
279 3441 327 3528 pii
341 3450 433 3508 vates
449 3449 483 3506 et
499 3441 631 3506 Phoebo
646 3441 745 3529 digna
760 3439 874 3523 locuti,

130 3548 288 3612 Inventas
304 3553 364 3610 aut
380 3545 557 3630 quiritem
573 3546 741 3610 excoluere
756 3550 925 3630 116161166,

130 3651 260 3737 Quique
277 3649 328 3715 sui
343 3671 501 3716 memores
517 3650 596 3716 alios
610 3649 712 3714 iecere
729 3649 902 3715 merendo:

131 3757 296 3824 Omnibus
313 3756 365 3820 his
381 3755 476 3820 nivea
491 3755 669 3840 cinguntur
684 3763 831 3840 tempora
845 3754 942 3824 vitta.
1126 3757 1192 3820 665

130 3863 215 3944 Quos
231 3859 445 3928 circumfusos
461 3859 506 3924 sic
523 3868 573 3925 est
589 3857 690 3924 affata
707 3859 843 3946 Sibylla,

129 3969 306 4035 Musaeum
321 3973 400 4030 ante
415 3964 687 4030 omnes-medium
701 3986 780 4029 nam
794 3964 936 4052 plurima
951 3965 1049 4030 turba
