2944 4522
546 304 718 360 strambos
740 312 803 362 nm.
829 311 862 359 X.

171 469 357 538 Canentem
371 469 465 536 molli
480 471 595 556 pluma
610 471 742 538 duxissa
758 477 933 554 senectam,

170 575 395 661 Linquentem
410 583 515 642 terras
531 584 564 640 et
581 577 686 642 sidera
702 597 779 642 voce
796 583 996 661 sequentem.

171 679 289 762 Filius,
307 679 460 764 aequales
475 681 653 746 comitatus
669 680 770 746 classe
786 687 945 764 catervas,

173 785 347 870 Ingentem
364 783 459 849 remis
476 784 677 850 Centaurum
693 793 882 870 promovet·
892 784 947 848 ille
1172 786 1237 851 195

173 891 285 956 Instat
301 911 416 974 aquae,
435 911 616 975 saxumque
632 890 729 956 undis
744 891 888 954 immane
904 889 1051 954 minatur
1160 875 1163 884 Ι

173 996 330 1062 Arduus·
340 1003 374 1060 et
390 995 487 1081 longa
504 995 611 1060 sulcat
628 995 730 1060 maria
746 996 816 1060 alta
831 994 952 1060 carina.

174 1101 235 1166 Ille
251 1100 354 1166 etiam
369 1099 485 1185 patriis
501 1121 620 1186 agmen
636 1099 702 1165 ciet
722 1099 834 1166 Ocnus
850 1100 891 1165 ab
907 1099 979 1184 oris,

174 1206 343 1272 Fatidicaa
359 1205 497 1270 Mantus
512 1213 547 1270 et
564 1204 666 1270 Tusci
680 1205 769 1270 filius
785 1204 901 1287 amnis,

175 1313 239 1394 Qui
254 1334 363 1379 muros
378 1305 558 1396 matrisque
574 1311 665 1377 dedit
680 1310 756 1396 tibi,
774 1310 926 1394 Mantua,
944 1332 1071 1394 nomen,
1172 1311 1238 1374 200

175 1418 317 1512 Mantua
332 1419 423 1506 diyes
440 1417 519 1502 avis,
537 1418 673 1482 sednon
689 1437 792 1504 genus
807 1417 958 1482 omnibus
974 1436 1101 1483 unum:

176 1523 266 1589 Gens
281 1523 331 1588 illi
346 1523 478 1608 triplex,
496 1521 612 1608 populi
628 1522 688 1587 sub
705 1530 803 1608 gente
819 1522 990 1606 quaterni3

175 1629 254 1714 Ipsa
269 1636 372 1714 caput
387 1627 517 1714 populis
532 1649 540 1710 ;
566 1627 674 1694 Tusco
690 1628 730 1692 de
746 1628 904 1713 sanguine
920 1629 1011 1695 vires.

175 1734 263 1799 Hinc
281 1755 410 1819 quoqne
426 1733 623 1820 quingentos
638 1733 673 1798 in
689 1755 723 1798 se
740 1733 923 1799 Mezentius
938 1725 1057 1817 armat,

176 1840 265 1920 Quos
281 1846 375 1924 patre
394 1838 525 1903 Benaco
541 1838 668 1904 velatus
684 1839 842 1903 arundine
858 1839 978 1923 glauca
1172 1837 1238 1904 205
1257 1875 1294 1961 N

176 1943 319 2009 Mincius
334 1943 455 2009 infesta
470 1942 612 2008 ducebat
627 1942 662 2007 in
678 1964 819 2027 aequora
835 1943 924 2028 pinu.
1294 1962 1300 1974 ⁸

176 2048 210 2112 It
227 2047 334 2134 gravis
350 2047 516 2132 Aulestes,
529 2053 732 2132 centenaque
748 2046 859 2112 arbore
874 2047 1016 2112 fluctum

176 2153 336 2218 Verberat
352 2174 543 2238 assurgens:
570 2159 727 2237 spumant
743 2151 827 2216 vada
842 2173 1001 2216 marmore
1017 2173 1117 2216 verse.

177 2258 277 2323 Hunc
292 2258 382 2322 vehit
398 2257 549 2322 immanis
566 2257 683 2324 Triton
699 2264 732 2320 et
748 2256 876 2321 caerula
891 2256 1016 2322 concha

176 2363 356 2427 Exterrens
371 2363 466 2445 freta,
484 2361 538 2426 cui
552 2362 693 2426 laterum
709 2368 805 2425 tenus
820 2360 950 2446 hispida
965 2360 1061 2426 nanti
1173 2361 1239 2425 210

176 2468 280 2533 Frons
295 2467 461 2532 hominem
476 2467 628 2553 praefert,
644 2466 680 2530 in
695 2465 824 2552 pristim
841 2465 961 2532 desinit
976 2467 1089 2549 alvus;

179 2573 325 2658 Spumea
340 2573 486 2638 semifero
503 2572 563 2637 sub
579 2582 709 2657 pectore
725 2580 908 2636 murmurat
923 2572 1022 2638 unda.

179 2677 243 2744 Tot
260 2677 337 2742 lecti
352 2677 503 2763 proceres
513 2684 564 2741 ter
579 2676 671 2741 denis
686 2676 823 2741 navibus
839 2677 933 2742 ibant

180 2784 329 2850 Subsidio
346 2782 473 2868 Trojae,
490 2791 525 2848 et
541 2803 672 2868 campos
688 2783 763 2847 salis
779 2804 851 2848 aere
868 2783 1029 2849 secabant.

244 2888 387 2972 Jamque
403 2888 472 2953 dies
488 2887 575 2952 coelo
591 2895 802 2972 concesserat,
819 2888 971 2972 almaque
986 2909 1084 2954 curru
1173 2889 1240 2954 215

178 2993 358 3080 Noctivago
374 2993 505 3058 Phoebe
519 2993 667 3057 medium
682 2994 836 3078 pulsabat
855 2993 1036 3079 Olympum
1051 3016 1058 3060 :

75 3139 79 3146 ·
179 3099 326 3164 Aeneas·
337 3119 441 3182 neque
459 3098 548 3162 enirn
563 3098 717 3163 membris
733 3099 791 3164 dat
809 3120 887 3164 cura
903 3099 1069 3182 quietem-

178 3205 256 3290 Ipse
273 3204 387 3269 sedens
402 3204 596 3288 clavumque
613 3203 695 3288 regit
711 3204 854 3288 velisque
870 3201 1046 3268 ministrat.

178 3305 292 3394 Atque
309 3309 358 3374 illi
372 3307 480 3373 medio
495 3307 651 3394 in‚spatio
668 3308 793 3392 chorus,
811 3328 894 3390 ecce,
912 3327 1046 3372 suarum

180 3413 332 3494 Occurrit
349 3412 507 3478 comitum
524 3433 531 3479 :
557 3411 743 3498 Nymphae,
761 3433 842 3497 quas
858 3412 946 3476 alma
963 3409 1093 3496 Oybebc
1174 3411 1242 3477 220

177 3519 313 3584 Numen
328 3518 448 3583 habere
463 3517 561 3582 maris
577 3515 815 3602 Nymphasque
831 3537 848 3580 e
864 3515 1003 3580 navibus
1019 3537 1085 3582 essa

178 3623 200 3689 J
203 3631 340 3707 usserat,
357 3622 519 3687 innabant
535 3622 656 3707 pariter
670 3621 856 3704 fluctusque
874 3620 1039 3705 secabant,

180 3729 268 3810 Quot
285 3729 375 3814 prius
390 3736 520 3792 aeratae
537 3734 698 3792 steterant
713 3726 755 3790 ad
770 3725 867 3790 litora
883 3747 1002 3810 prorae.

179 3833 375 3921 Agnoscunt
389 3833 485 3918 longe
502 3853 619 3918 regem,
636 3832 846 3915 lustrantque
863 3831 992 3898 choreis.

179 3939 326 4021 Quarum
342 3957 426 4022 quae
441 3937 534 4002 fandi
549 3935 747 4020 doctissima,
766 3935 970 4022 Oymodocea
1175 3934 1244 4004 225
