2898 4518
503 312 673 359 nuuuluos
696 313 761 361 LIB.
786 313 833 361 IV.

137 469 311 536 “Annam
326 493 400 536 cara
415 471 501 536 mihi
516 472 631 536 nutrix
647 472 711 538 huc
729 472 807 538 siste
823 492 983 554 sororem,

139 575 162 608 “
176 576 254 660 Dic,
272 597 387 661 corpus
402 584 553 662 properet
569 576 696 642 fluviali
711 598 861 662 spargere
876 576 1021 662 lympha,

137 681 223 746 “Et
239 683 380 766 pecudes
396 703 507 747 secum
523 690 557 746 et
573 689 757 747 monstrata
773 683 902 768 piacula
916 683 1025 748 ducat.

137 785 160 819 “
177 785 232 852 Sic
248 785 379 868 veniat;
403 793 507 871 tuque
523 786 595 872 ipsa
610 786 666 872 pia
681 794 755 872 tege
770 795 917 872 tempora
932 786 1027 852 vitta.

138 891 161 924 “
179 891 280 958 Sacra
296 891 320 956 J
321 891 374 956 ovi
391 891 516 977 Stygia
534 912 617 976 quae
633 891 695 956 rite
710 891 844 978 incepta
858 891 982 977 paravi,

34 1079 38 1086 ι
138 995 162 1027 “
178 995 337 1060 Perficere
353 1002 403 1060 est
420 995 561 1080 animno,
578 997 742 1080 finemque
757 997 924 1082 imponere
939 996 1034 1078 curis,

139 1096 162 1131 “
179 1098 402 1184 Dardaniique
417 1121 532 1185 rogum
548 1099 666 1186 capitis
683 1099 871 1186 permittere
888 1099 1070 1166 flammac.’'

140 1204 198 1270 sic
215 1205 283 1286 ait;
307 1204 363 1270 illa
380 1206 520 1291 gradum
531 1205 641 1270 studio
657 1205 820 1270 celerabat
836 1205 966 1270 anilem.

138 1310 192 1374 At
208 1310 336 1396 trepida
352 1318 385 1374 et
401 1310 526 1396 coeptis
540 1310 740 1376 immanibus
757 1309 853 1374 effera
871 1310 969 1394 Dido,

143 1415 367 1500 Sanguineam
383 1415 515 1480 volvens
531 1415 635 1480 aciem
649 1415 852 1500 maculisque
868 1421 1046 1479 trementes

141 1518 310 1584 Interfusa
325 1539 424 1604 genas
440 1525 474 1583 et
490 1518 612 1605 pallida
627 1526 732 1584 morte
747 1519 871 1604 futura,

141 1621 303 1688 Interiora
318 1624 435 1690 domus
450 1624 602 1711 irrumpit
618 1624 748 1707 limina,
766 1632 800 1689 et
816 1625 900 1690 altos

143 1729 343 1796 Conscendit
358 1729 536 1794 furibunda
551 1751 653 1816 rogos,
670 1751 843 1814 ensemque
859 1729 999 1796 recludit

142 1835 362 1918 Dardanium,
380 1857 445 1902 non
459 1834 518 1900 hos
533 1834 720 1920 quaesitum
735 1855 857 1900 munus
873 1834 907 1898 in
923 1855 1011 1900 usus.
1048 1821 1052 1829 ⁵

142 1939 208 2004 Hic
226 1946 404 2024 postquam
419 1939 538 2005 Iliacas
554 1947 661 2004 vestes
672 1947 854 2024 notumque
870 1939 976 2004 cubile

143 2044 334 2130 Conspexit,
350 2045 501 2130 paullum
517 2045 657 2110 lacrimis
674 2053 707 2109 et
723 2052 833 2108 mente
848 2053 987 2126 morata,

142 2150 366 2236 Incubuitque
382 2158 461 2233 toro,
478 2150 627 2235 dixitque
642 2149 816 2215 novissima
832 2148 947 2213 verba:

143 2255 165 2288 “
180 2256 305 2320 Dulces
322 2255 469 2339 exuviae,
486 2255 567 2320 dum
582 2255 653 2320 fata
668 2256 813 2339 deusque
829 2253 968 2338 sinebat,

144 2360 332 2445 “Accipite
348 2360 432 2425 hanc
449 2359 602 2444 animam,
620 2380 737 2444 meque
752 2359 803 2424 his
820 2359 975 2424 exsolvite
992 2358 1085 2423 curis.

143 2466 164 2498 “
178 2465 262 2531 Vixi
276 2472 321 2549 et,
338 2487 437 2550 quem
452 2465 586 2530 dederat
602 2486 734 2530 cursum
749 2465 889 2550 fortuna,
907 2464 1027 2550 peregi,

144 2571 165 2604 “
175 2571 224 2636 Et
239 2592 327 2636 nuuc
342 2592 462 2666 magua
476 2569 542 2635 mei
558 2571 618 2635 sub
635 2577 737 2635 terras
752 2569 815 2635 ibit
830 2569 948 2656 imago

144 2675 307 2741 “Urbem
322 2675 521 2760 praeclaram
537 2673 651 2757 statui,
668 2695 742 2738 mea
758 2672 886 2739 moenia
900 2673 989 2756 vidi;
1140 2675 1206 2740 655

144 2781 165 2814 “
180 2780 266 2846 Ulta
281 2779 399 2861 virum,
416 2801 535 2866 poenas
550 2779 681 2844 inimico
697 2800 717 2842 a
732 2778 831 2844 fratre
847 2779 972 2866 recepi:

146 2886 168 2918 ‘⁶
182 2885 288 2968 Felix,
305 2885 371 2949 heu
387 2884 526 2948 nimium
541 2884 629 2967 felix,
647 2883 675 2953 si
689 2883 785 2948 litora
799 2891 933 2949 tantum

144 2989 374 3073 “Numquam
391 2987 577 3052 Dardaniae
594 2987 780 3073 tetigissent
797 2994 908 3053 nostra
923 2987 1052 3052 carinae
1065 2990 1095 3054 !'’

144 3093 243 3159 Dixit
260 3101 309 3176 et,
326 3114 361 3159 cs
376 3093 534 3178 impressa
550 3100 629 3178 tore,
649 3093 669 3124 “
683 3092 860 3158 Moriemur
873 3093 1019 3173 inultae;

145 3198 246 3265 “Sed
261 3197 488 3265 moriamur1'’
503 3197 571 3265 ait:
590 3197 611 3230 “
622 3197 677 3282 sic,
689 3197 734 3264 sic
746 3197 843 3282 juvat
854 3197 899 3262 ire
912 3197 973 3263 sub
985 3195 1126 3262 umbras.
1143 3197 1208 3262 660

146 3303 166 3335 “
182 3302 326 3366 Hauriat
342 3302 429 3367 hunc
445 3301 547 3368 oculis
561 3301 672 3388 ignem
688 3301 827 3366 crudelis
843 3301 885 3366 ab
900 3301 970 3365 alto

145 3407 167 3439 ‘'‘
180 3407 367 3491 Dardanus,
385 3415 419 3472 et
434 3413 564 3472 nostrae
579 3427 692 3472 secum
706 3405 791 3470 ferat
806 3405 916 3470 omina
930 3403 1074 3472 mortis.''

146 3513 287 3578 Dixerat
301 3532 311 3594 ;
336 3521 436 3596 atque
452 3511 544 3576 illam
559 3510 668 3576 media
682 3509 770 3575 inter
785 3509 868 3576 talia
881 3509 964 3574 ferro

145 3619 336 3704 Collapsam
351 3618 539 3703 adspiciunt
555 3617 703 3698 comites,
721 3635 894 3700 ensemque
911 3636 1022 3681 cruore

146 3725 367 3810 Spumantem
383 3743 575 3807 sparsasque
589 3742 716 3787 manus.
763 3721 799 3785 It
815 3719 994 3786 clamored
1005 3720 1075 3786 alta
1144 3721 1209 3786 665

147 3830 263 3912 Atria3
288 3850 481 3894 concussam
495 3829 674 3894 bacchatur
688 3827 779 3892 fama
794 3848 853 3914 per
867 3827 984 3894 urbem
998 3847 1006 3910 ;

145 3933 317 4000 Lamentis
331 3932 523 4020 gemituque
539 3939 573 3997 ct
587 3931 727 3998 femineo
743 3932 878 3998 ubilatu
