<?xml version="1.0" encoding="UTF-8"?>
<!DOCTYPE html PUBLIC "-//W3C//DTD XHTML 1.0 Transitional//EN"
    "http://www.w3.org/TR/xhtml1/DTD/xhtml1-transitional.dtd">
<html xmlns="http://www.w3.org/1999/xhtml" xml:lang="en" lang="en">
 <head>
  <title>
</title>
<meta http-equiv="Content-Type" content="text/html;charset=utf-8" />
  <meta name='ocr-system' content='tesseract 3.04.00' />
  <meta name='ocr-capabilities' content='ocr_page ocr_carea ocr_par ocr_line ocrx_word'/>
</head>
<body>
  <div class='ocr_page' id='page_1' title='image "./virgilsaeneidwi00virggoog_0050.png"; bbox 0 0 2838 4522; ppageno 0'>
   <div class='ocr_carea' id='block_1_1' title="bbox 541 1043 1029 1148">
    <p class='ocr_par' dir='ltr' id='par_1_1' title="bbox 541 1043 1029 1148">
     <span class='ocr_line' id='line_1_1' title="bbox 541 1043 1029 1148; baseline 0.01 -38"><span class='ocrx_word' id='word_1_1' title='bbox 541 1043 582 1112; x_wconf 90' lang='lat' dir='ltr'>P.</span> <span class='ocrx_word' id='word_1_2' title='bbox 612 1043 807 1148; x_wconf 71' lang='lat' dir='ltr'>vlnsltll</span> <span class='ocrx_word' id='word_1_3' title='bbox 836 1045 1029 1116; x_wconf 75' lang='lat' dir='ltr'>ursolus</span> 
     </span>
    </p>
   </div>
   <div class='ocr_carea' id='block_1_2' title="bbox 42 1235 1109 1418">
    <p class='ocr_par' dir='ltr' id='par_1_2' title="bbox 42 1235 1109 1418">
     <span class='ocr_line' id='line_1_2' title="bbox 42 1235 1109 1418; baseline 0.007 -74"><span class='ocrx_word' id='word_1_4' title='bbox 42 1235 1109 1418; x_wconf 26' lang='lat' dir='ltr'>gawffffnnunrnos</span> 
     </span>
    </p>
   </div>
   <div class='ocr_carea' id='block_1_3' title="bbox 570 1489 1001 1561">
    <p class='ocr_par' dir='ltr' id='par_1_3' title="bbox 570 1489 1001 1561">
     <span class='ocr_line' id='line_1_3' title="bbox 570 1489 1001 1561; baseline 0.014 -5"><span class='ocrx_word' id='word_1_5' title='bbox 570 1489 714 1557; x_wconf 81' lang='lat' dir='ltr'>LIBER</span> <span class='ocrx_word' id='word_1_6' title='bbox 739 1490 1001 1561; x_wconf 78' lang='lat' dir='ltr'><strong>SECUNDUS.</strong></span> 
     </span>
    </p>
   </div>
   <div class='ocr_carea' id='block_1_4' title="bbox 675 1702 891 1730">
    <p class='ocr_par' dir='ltr' id='par_1_4' title="bbox 675 1702 891 1730">
     <span class='ocr_line' id='line_1_4' title="bbox 675 1702 891 1730; baseline 0 -8"><span class='ocrx_word' id='word_1_7' title='bbox 675 1702 891 1730; x_wconf 71' lang='lat' dir='ltr'><em>——m---</em></span> 
     </span>
    </p>
   </div>
   <div class='ocr_carea' id='block_1_5' title="bbox 147 1849 1321 4038">
    <p class='ocr_par' dir='ltr' id='par_1_5' title="bbox 254 1849 1321 3620">
     <span class='ocr_line' id='line_1_5' title="bbox 255 1849 1043 1942; baseline 0.005 -20"><span class='ocrx_word' id='word_1_8' title='bbox 255 1855 448 1922; x_wconf 74' lang='lat' dir='ltr'>Conticuere</span> <span class='ocrx_word' id='word_1_9' title='bbox 463 1877 586 1941; x_wconf 89' lang='lat' dir='ltr'>omnes,</span> <span class='ocrx_word' id='word_1_10' title='bbox 602 1855 789 1942; x_wconf 76' lang='lat' dir='ltr'>intentique</span> <span class='ocrx_word' id='word_1_11' title='bbox 805 1878 860 1922; x_wconf 89' lang='lat' dir='ltr'>ora</span> <span class='ocrx_word' id='word_1_12' title='bbox 876 1849 1043 1928; x_wconf 70' lang='lat' dir='ltr'>tenebant.</span> 
     </span>
     <span class='ocr_line' id='line_1_6' title="bbox 255 1946 1008 2048; baseline 0.005 -22"><span class='ocrx_word' id='word_1_13' title='bbox 255 1961 337 2026; x_wconf 92' lang='lat' dir='ltr'>Inde</span> <span class='ocrx_word' id='word_1_14' title='bbox 352 1969 424 2028; x_wconf 86' lang='lat' dir='ltr'>to&#39;ro</span> <span class='ocrx_word' id='word_1_15' title='bbox 439 1968 535 2048; x_wconf 91' lang='lat' dir='ltr'>pater</span> <span class='ocrx_word' id='word_1_16' title='bbox 548 1960 677 2028; x_wconf 87' lang='lat' dir='ltr'>Aeneas</span> <span class='ocrx_word' id='word_1_17' title='bbox 693 1961 739 2027; x_wconf 91' lang='lat' dir='ltr'>sic</span> <span class='ocrx_word' id='word_1_18' title='bbox 755 1983 844 2028; x_wconf 90' lang='lat' dir='ltr'>orsus</span> <span class='ocrx_word' id='word_1_19' title='bbox 860 1962 902 2028; x_wconf 90' lang='lat' dir='ltr'>ab</span> <span class='ocrx_word' id='word_1_20' title='bbox 918 1946 1008 2030; x_wconf 82' lang='lat' dir='ltr'>alto:</span> 
     </span>
     <span class='ocr_line' id='line_1_7' title="bbox 257 2059 1057 2154; baseline 0.001 -23"><span class='ocrx_word' id='word_1_21' title='bbox 257 2065 278 2099; x_wconf 88' lang='lat'>“</span> <span class='ocrx_word' id='word_1_22' title='bbox 288 2066 476 2152; x_wconf 80' lang='lat' dir='ltr'>Infandum,</span> <span class='ocrx_word' id='word_1_23' title='bbox 494 2067 614 2153; x_wconf 83' lang='lat' dir='ltr'>regina,</span> <span class='ocrx_word' id='word_1_24' title='bbox 628 2065 724 2152; x_wconf 89' lang='lat' dir='ltr'>jubes</span> <span class='ocrx_word' id='word_1_25' title='bbox 739 2087 888 2132; x_wconf 88' lang='lat' dir='ltr'>renovare</span> <span class='ocrx_word' id='word_1_26' title='bbox 904 2059 1057 2154; x_wconf 84' lang='lat' dir='ltr'>dolorem,</span> 
     </span>
     <span class='ocr_line' id='line_1_8' title="bbox 256 2171 989 2258; baseline 0.003 -23"><span class='ocrx_word' id='word_1_27' title='bbox 256 2171 412 2256; x_wconf 83' lang='lat' dir='ltr'>Trojanas</span> <span class='ocrx_word' id='word_1_28' title='bbox 427 2179 467 2237; x_wconf 87' lang='lat' dir='ltr'>ut</span> <span class='ocrx_word' id='word_1_29' title='bbox 483 2193 559 2258; x_wconf 91' lang='lat' dir='ltr'>opes</span> <span class='ocrx_word' id='word_1_30' title='bbox 575 2180 609 2237; x_wconf 91' lang='lat' dir='ltr'>et</span> <span class='ocrx_word' id='word_1_31' title='bbox 624 2171 836 2236; x_wconf 85' lang='lat' dir='ltr'>lamentabile</span> <span class='ocrx_word' id='word_1_32' title='bbox 851 2193 989 2258; x_wconf 89' lang='lat' dir='ltr'>regnum</span> 
     </span>
     <span class='ocr_line' id='line_1_9' title="bbox 254 2275 1321 2363; baseline 0.005 -22"><span class='ocrx_word' id='word_1_33' title='bbox 254 2276 409 2343; x_wconf 82' lang='lat' dir='ltr'>Eruerint</span> <span class='ocrx_word' id='word_1_34' title='bbox 426 2276 534 2342; x_wconf 91' lang='lat' dir='ltr'>Danai</span> <span class='ocrx_word' id='word_1_35' title='bbox 548 2297 557 2359; x_wconf 81' lang='lat'>3</span> <span class='ocrx_word' id='word_1_36' title='bbox 582 2297 731 2362; x_wconf 89' lang='lat' dir='ltr'>quaeque</span> <span class='ocrx_word' id='word_1_37' title='bbox 747 2276 817 2363; x_wconf 89' lang='lat' dir='ltr'>ipse</span> <span class='ocrx_word' id='word_1_38' title='bbox 832 2275 1010 2342; x_wconf 88' lang='lat' dir='ltr'>miserrima</span> <span class='ocrx_word' id='word_1_39' title='bbox 1025 2277 1103 2362; x_wconf 83' lang='lat' dir='ltr'>vidi,</span> <span class='ocrx_word' id='word_1_40' title='bbox 1298 2281 1321 2346; x_wconf 80' lang='lat'>5</span> 
     </span>
     <span class='ocr_line' id='line_1_10' title="bbox 254 2380 1093 2467; baseline 0.002 -21"><span class='ocrx_word' id='word_1_41' title='bbox 254 2381 301 2446; x_wconf 83' lang='lat' dir='ltr'>Et</span> <span class='ocrx_word' id='word_1_42' title='bbox 317 2403 458 2466; x_wconf 91' lang='lat' dir='ltr'>quorum</span> <span class='ocrx_word' id='word_1_43' title='bbox 473 2403 547 2467; x_wconf 86' lang='lat' dir='ltr'>pars</span> <span class='ocrx_word' id='word_1_44' title='bbox 562 2403 682 2466; x_wconf 87' lang='lat' dir='ltr'>magna</span> <span class='ocrx_word' id='word_1_45' title='bbox 696 2380 753 2447; x_wconf 84' lang='lat' dir='ltr'>fui.</span> <span class='ocrx_word' id='word_1_46' title='bbox 802 2381 882 2462; x_wconf 81' lang='lat' dir='ltr'>Quis</span> <span class='ocrx_word' id='word_1_47' title='bbox 897 2382 979 2447; x_wconf 85' lang='lat' dir='ltr'>talia</span> <span class='ocrx_word' id='word_1_48' title='bbox 994 2382 1093 2448; x_wconf 88' lang='lat' dir='ltr'>fando</span> 
     </span>
     <span class='ocr_line' id='line_1_11' title="bbox 255 2486 1106 2572; baseline 0.005 -22"><span class='ocrx_word' id='word_1_49' title='bbox 255 2487 499 2572; x_wconf 85' lang='lat' dir='ltr'>Myrmidonum</span> <span class='ocrx_word' id='word_1_50' title='bbox 515 2486 718 2570; x_wconf 87' lang='lat' dir='ltr'>Dolopumve</span> <span class='ocrx_word' id='word_1_51' title='bbox 733 2495 792 2551; x_wconf 90' lang='lat' dir='ltr'>aut</span> <span class='ocrx_word' id='word_1_52' title='bbox 808 2486 882 2551; x_wconf 91' lang='lat' dir='ltr'>duri</span> <span class='ocrx_word' id='word_1_53' title='bbox 897 2487 992 2553; x_wconf 93' lang='lat' dir='ltr'>miles</span> <span class='ocrx_word' id='word_1_54' title='bbox 1009 2487 1106 2553; x_wconf 84' lang='lat' dir='ltr'>Ulixi</span> 
     </span>
     <span class='ocr_line' id='line_1_12' title="bbox 255 2590 1136 2678; baseline 0.002 -22"><span class='ocrx_word' id='word_1_55' title='bbox 255 2591 430 2678; x_wconf 81' lang='lat' dir='ltr'>Temperet</span> <span class='ocrx_word' id='word_1_56' title='bbox 446 2613 466 2655; x_wconf 94' lang='lat' dir='ltr'>a</span> <span class='ocrx_word' id='word_1_57' title='bbox 480 2590 624 2656; x_wconf 78' lang='lat' dir='ltr'>lacrimis</span> <span class='ocrx_word' id='word_1_58' title='bbox 640 2591 656 2656; x_wconf 79' lang='grc' dir='ltr'><em>Ρ</em></span> <span class='ocrx_word' id='word_1_59' title='bbox 682 2596 715 2654; x_wconf 90' lang='lat' dir='ltr'>et</span> <span class='ocrx_word' id='word_1_60' title='bbox 729 2590 799 2676; x_wconf 88' lang='lat' dir='ltr'>jam</span> <span class='ocrx_word' id='word_1_61' title='bbox 815 2612 879 2656; x_wconf 86' lang='lat' dir='ltr'>nox</span> <span class='ocrx_word' id='word_1_62' title='bbox 895 2591 1033 2657; x_wconf 87' lang='lat' dir='ltr'>humide</span> <span class='ocrx_word' id='word_1_63' title='bbox 1048 2593 1136 2658; x_wconf 90' lang='lat' dir='ltr'>coelo</span> 
     </span>
     <span class='ocr_line' id='line_1_13' title="bbox 255 2681 1133 2783; baseline 0.006 -23"><span class='ocrx_word' id='word_1_64' title='bbox 255 2695 470 2783; x_wconf 79' lang='lat' dir='ltr'>Praecipitat,</span> <span class='ocrx_word' id='word_1_65' title='bbox 482 2681 689 2782; x_wconf 70' lang='lat' dir='ltr'>candentque</span> <span class='ocrx_word' id='word_1_66' title='bbox 704 2695 857 2763; x_wconf 89' lang='lat' dir='ltr'>cadentia</span> <span class='ocrx_word' id='word_1_67' title='bbox 873 2695 980 2762; x_wconf 89' lang='lat' dir='ltr'>sidera</span> <span class='ocrx_word' id='word_1_68' title='bbox 996 2718 1133 2766; x_wconf 88' lang='lat' dir='ltr'>somnos.</span> 
     </span>
     <span class='ocr_line' id='line_1_14' title="bbox 256 2793 1319 2885; baseline -0.001 -20"><span class='ocrx_word' id='word_1_69' title='bbox 256 2801 320 2866; x_wconf 82' lang='lat' dir='ltr'>Sed</span> <span class='ocrx_word' id='word_1_70' title='bbox 336 2799 364 2865; x_wconf 89' lang='lat' dir='ltr'>si</span> <span class='ocrx_word' id='word_1_71' title='bbox 379 2805 495 2864; x_wconf 86' lang='lat' dir='ltr'>tantus</span> <span class='ocrx_word' id='word_1_72' title='bbox 511 2793 600 2864; x_wconf 84' lang='lat' dir='ltr'>amo&#39;r</span> <span class='ocrx_word' id='word_1_73' title='bbox 615 2821 708 2864; x_wconf 89' lang='lat' dir='ltr'>casus</span> <span class='ocrx_word' id='word_1_74' title='bbox 724 2821 912 2885; x_wconf 85' lang='lat' dir='ltr'>cognoscere</span> <span class='ocrx_word' id='word_1_75' title='bbox 929 2808 1055 2866; x_wconf 88' lang='lat' dir='ltr'>nostros</span> <span class='ocrx_word' id='word_1_76' title='bbox 1275 2802 1319 2865; x_wconf 92' lang='lat'>10</span> 
     </span>
     <span class='ocr_line' id='line_1_15' title="bbox 255 2902 1105 2990; baseline -0.001 -21"><span class='ocrx_word' id='word_1_77' title='bbox 255 2905 302 2969; x_wconf 84' lang='lat' dir='ltr'>Et</span> <span class='ocrx_word' id='word_1_78' title='bbox 318 2904 459 2968; x_wconf 90' lang='lat' dir='ltr'>breviter</span> <span class='ocrx_word' id='word_1_79' title='bbox 475 2902 590 2990; x_wconf 80' lang='lat' dir='ltr'>Trojae</span> <span class='ocrx_word' id='word_1_80' title='bbox 607 2924 795 2989; x_wconf 90' lang='lat' dir='ltr'>supremum</span> <span class='ocrx_word' id='word_1_81' title='bbox 811 2903 922 2968; x_wconf 89' lang='lat' dir='ltr'>audire</span> <span class='ocrx_word' id='word_1_82' title='bbox 938 2905 1081 2970; x_wconf 86' lang='lat' dir='ltr'>laborem</span> <span class='ocrx_word' id='word_1_83' title='bbox 1095 2924 1105 2988; x_wconf 87' lang='lat'>;</span> 
     </span>
     <span class='ocr_line' id='line_1_16' title="bbox 256 3007 1255 3096; baseline 0.001 -24"><span class='ocrx_word' id='word_1_84' title='bbox 256 3009 464 3093; x_wconf 80' lang='lat' dir='ltr'>Quamquam</span> <span class='ocrx_word' id='word_1_85' title='bbox 480 3007 608 3074; x_wconf 91' lang='lat' dir='ltr'>animus</span> <span class='ocrx_word' id='word_1_86' title='bbox 623 3007 808 3073; x_wconf 84' lang='lat' dir='ltr'>meminisse</span> <span class='ocrx_word' id='word_1_87' title='bbox 823 3007 932 3074; x_wconf 88' lang='lat' dir='ltr'>horret</span> <span class='ocrx_word' id='word_1_88' title='bbox 946 3008 1106 3096; x_wconf 89' lang='lat' dir='ltr'>luctuque</span> <span class='ocrx_word' id='word_1_89' title='bbox 1122 3007 1255 3095; x_wconf 86' lang='lat' dir='ltr'>refugit,</span> 
     </span>
     <span class='ocr_line' id='line_1_17' title="bbox 255 3112 983 3200; baseline 0 -22"><span class='ocrx_word' id='word_1_90' title='bbox 255 3113 427 3200; x_wconf 87' lang='lat' dir='ltr'>Incipiam.</span> <span class='ocrx_word' id='word_1_91' title='bbox 474 3113 587 3178; x_wconf 81' lang='lat' dir='ltr'>Fracti</span> <span class='ocrx_word' id='word_1_92' title='bbox 602 3113 687 3178; x_wconf 89' lang='lat' dir='ltr'>bello</span> <span class='ocrx_word' id='word_1_93' title='bbox 702 3113 845 3198; x_wconf 84' lang='lat' dir='ltr'>fatisque</span> <span class='ocrx_word' id='word_1_94' title='bbox 860 3112 983 3200; x_wconf 89' lang='lat' dir='ltr'>repulsi</span> 
     </span>
     <span class='ocr_line' id='line_1_18' title="bbox 255 3215 1076 3301; baseline -0.002 -19"><span class='ocrx_word' id='word_1_95' title='bbox 255 3217 416 3283; x_wconf 84' lang='lat' dir='ltr'>Ductores</span> <span class='ocrx_word' id='word_1_96' title='bbox 432 3216 600 3300; x_wconf 76' lang='lat' dir='ltr'>Danaum,</span> <span class='ocrx_word' id='word_1_97' title='bbox 617 3222 669 3282; x_wconf 87' lang='lat' dir='ltr'>tot</span> <span class='ocrx_word' id='word_1_98' title='bbox 680 3215 753 3301; x_wconf 88' lang='lat' dir='ltr'>jam</span> <span class='ocrx_word' id='word_1_99' title='bbox 771 3215 957 3281; x_wconf 88' lang='lat' dir='ltr'>labentibus</span> <span class='ocrx_word' id='word_1_100' title='bbox 972 3216 1076 3301; x_wconf 87' lang='lat' dir='ltr'>annis,</span> 
     </span>
     <span class='ocr_line' id='line_1_19' title="bbox 255 3321 1317 3409; baseline -0.005 -19"><span class='ocrx_word' id='word_1_101' title='bbox 255 3327 365 3391; x_wconf 90' lang='lat' dir='ltr'>Instar</span> <span class='ocrx_word' id='word_1_102' title='bbox 379 3323 501 3390; x_wconf 92' lang='lat' dir='ltr'>montis</span> <span class='ocrx_word' id='word_1_103' title='bbox 517 3344 639 3409; x_wconf 93' lang='lat' dir='ltr'>equum</span> <span class='ocrx_word' id='word_1_104' title='bbox 654 3321 765 3388; x_wconf 85' lang='lat' dir='ltr'>divina</span> <span class='ocrx_word' id='word_1_105' title='bbox 780 3321 926 3388; x_wconf 89' lang='lat' dir='ltr'>Palladis</span> <span class='ocrx_word' id='word_1_106' title='bbox 941 3327 1013 3386; x_wconf 88' lang='lat' dir='ltr'>arte</span> <span class='ocrx_word' id='word_1_107' title='bbox 1274 3322 1317 3386; x_wconf 85' lang='lat'>15</span> 
     </span>
     <span class='ocr_line' id='line_1_20' title="bbox 255 3425 1058 3512; baseline -0.007 -18"><span class='ocrx_word' id='word_1_108' title='bbox 255 3429 453 3512; x_wconf 88' lang='lat' dir='ltr'>Aedificant,</span> <span class='ocrx_word' id='word_1_109' title='bbox 470 3435 622 3512; x_wconf 89' lang='lat' dir='ltr'>sectaque</span> <span class='ocrx_word' id='word_1_110' title='bbox 637 3425 796 3493; x_wconf 86' lang='lat' dir='ltr'>intexunt</span> <span class='ocrx_word' id='word_1_111' title='bbox 808 3425 915 3491; x_wconf 88' lang='lat' dir='ltr'>abiete</span> <span class='ocrx_word' id='word_1_112' title='bbox 931 3431 1058 3507; x_wconf 84' lang='lat' dir='ltr'>costas;</span> 
     </span>
     <span class='ocr_line' id='line_1_21' title="bbox 255 3529 1191 3620; baseline -0.001 -21"><span class='ocrx_word' id='word_1_113' title='bbox 255 3533 382 3600; x_wconf 86' lang='lat' dir='ltr'>Votum</span> <span class='ocrx_word' id='word_1_114' title='bbox 396 3554 454 3620; x_wconf 86' lang='lat' dir='ltr'>pro</span> <span class='ocrx_word' id='word_1_115' title='bbox 470 3532 579 3598; x_wconf 92' lang='lat' dir='ltr'>reditu</span> <span class='ocrx_word' id='word_1_116' title='bbox 595 3531 775 3598; x_wconf 87' lang='lat' dir='ltr'>simulant:</span> <span class='ocrx_word' id='word_1_117' title='bbox 801 3552 838 3594; x_wconf 87' lang='lat' dir='ltr'>ea</span> <span class='ocrx_word' id='word_1_118' title='bbox 853 3529 942 3594; x_wconf 86' lang='lat' dir='ltr'>fama</span> <span class='ocrx_word' id='word_1_119' title='bbox 957 3537 1104 3615; x_wconf 87' lang='lat' dir='ltr'>vagatur.</span> <span class='ocrx_word' id='word_1_120' title='bbox 1126 3561 1138 3606; x_wconf 62' lang='grc' dir='ltr'><em>ι</em></span> <span class='ocrx_word' id='word_1_121' title='bbox 1187 3593 1191 3598; x_wconf 92' lang='grc'>.</span> 
     </span>
    </p>

    <p class='ocr_par' dir='ltr' id='par_1_6' title="bbox 221 3625 1319 3934">
     <span class='ocr_line' id='line_1_22' title="bbox 221 3625 1055 3722; baseline -0.007 -18"><span class='ocrx_word' id='word_1_122' title='bbox 221 3671 227 3682; x_wconf 92' lang='grc'><strong><em>·</em></strong></span> <span class='ocrx_word' id='word_1_123' title='bbox 255 3639 332 3704; x_wconf 93' lang='lat' dir='ltr'>Huc</span> <span class='ocrx_word' id='word_1_124' title='bbox 348 3638 476 3704; x_wconf 85' lang='lat' dir='ltr'>delecte</span> <span class='ocrx_word' id='word_1_125' title='bbox 491 3637 599 3702; x_wconf 75' lang='lat' dir='ltr'>virum</span> <span class='ocrx_word' id='word_1_126' title='bbox 615 3637 722 3702; x_wconf 91' lang='lat' dir='ltr'>sortiti</span> <span class='ocrx_word' id='word_1_127' title='bbox 737 3657 868 3722; x_wconf 87' lang='lat' dir='ltr'>corpora</span> <span class='ocrx_word' id='word_1_128' title='bbox 883 3634 1003 3700; x_wconf 87' lang='lat' dir='ltr'>furtim</span> <span class='ocrx_word' id='word_1_129' title='bbox 1036 3625 1055 3642; x_wconf 60' lang='lat'>&#39;⁹</span> 
     </span>
     <span class='ocr_line' id='line_1_23' title="bbox 255 3739 1050 3826; baseline -0.006 -18"><span class='ocrx_word' id='word_1_130' title='bbox 255 3743 438 3809; x_wconf 88' lang='lat' dir='ltr'>Includunt</span> <span class='ocrx_word' id='word_1_131' title='bbox 453 3763 548 3808; x_wconf 88' lang='lat' dir='ltr'>caeco</span> <span class='ocrx_word' id='word_1_132' title='bbox 563 3741 668 3825; x_wconf 89' lang='lat' dir='ltr'>lateri,</span> <span class='ocrx_word' id='word_1_133' title='bbox 686 3739 882 3826; x_wconf 84' lang='lat' dir='ltr'>penitusque</span> <span class='ocrx_word' id='word_1_134' title='bbox 898 3760 1050 3806; x_wconf 86' lang='lat' dir='ltr'>cavernas</span> 
     </span>
     <span class='ocr_line' id='line_1_24' title="bbox 256 3843 1319 3934; baseline -0.008 -20"><span class='ocrx_word' id='word_1_135' title='bbox 256 3850 412 3934; x_wconf 84' lang='lat' dir='ltr'>Ingentes</span> <span class='ocrx_word' id='word_1_136' title='bbox 429 3855 626 3932; x_wconf 87' lang='lat' dir='ltr'>uterumque</span> <span class='ocrx_word' id='word_1_137' title='bbox 642 3853 768 3910; x_wconf 83' lang='lat' dir='ltr'>armato</span> <span class='ocrx_word' id='word_1_138' title='bbox 783 3844 888 3910; x_wconf 91' lang='lat' dir='ltr'>milite</span> <span class='ocrx_word' id='word_1_139' title='bbox 904 3843 1078 3930; x_wconf 86' lang='lat' dir='ltr'>complent.</span> <span class='ocrx_word' id='word_1_140' title='bbox 1275 3843 1319 3906; x_wconf 80' lang='lat'>20</span> 
     </span>
    </p>

    <p class='ocr_par' dir='ltr' id='par_1_7' title="bbox 147 3948 1175 4038">
     <span class='ocr_line' id='line_1_25' title="bbox 147 3948 1175 4038; baseline -0.008 -20"><span class='ocrx_word' id='word_1_141' title='bbox 147 4011 151 4018; x_wconf 91' lang='lat'>.</span> <span class='ocrx_word' id='word_1_142' title='bbox 256 3952 318 4018; x_wconf 77' lang='lat' dir='ltr'>list</span> <span class='ocrx_word' id='word_1_143' title='bbox 334 3952 370 4018; x_wconf 92' lang='lat' dir='ltr'>in</span> <span class='ocrx_word' id='word_1_144' title='bbox 385 3960 561 4038; x_wconf 89' lang='lat' dir='ltr'>conspectu</span> <span class='ocrx_word' id='word_1_145' title='bbox 578 3951 738 4034; x_wconf 82' lang='lat' dir='ltr'>Tenedos,</span> <span class='ocrx_word' id='word_1_146' title='bbox 754 3949 924 4016; x_wconf 89' lang='lat' dir='ltr'>notissima</span> <span class='ocrx_word' id='word_1_147' title='bbox 938 3948 1028 4012; x_wconf 85' lang='lat' dir='ltr'>fama</span> <span class='ocrx_word' id='word_1_148' title='bbox 1173 3956 1175 3960; x_wconf 83' lang='lat'>&#39;</span> 
     </span>
    </p>
   </div>
   <div class='ocr_carea' id='block_1_6' title="bbox 0 0 1425 4522">
    <p class='ocr_par' dir='ltr' id='par_1_8' title="bbox 0 0 1425 4522">
     <span class='ocr_line' id='line_1_26' title="bbox 0 0 1425 4522; baseline 0 0"><span class='ocrx_word' id='word_1_149' title='bbox 0 0 1425 4522; x_wconf 95' lang='lat' dir='ltr'> </span> 
     </span>
    </p>
   </div>
  </div>
 </body>
</html>
