2944 4522
541 328 710 376 susurros
733 329 797 378 ura.
826 329 872 376 xr.
1163 309 1227 376 261

167 490 188 524 “
202 491 277 556 Duc
287 492 307 520 '’
324 489 372 555 ait
390 487 411 522 “
423 494 458 554 et
473 487 617 554 Rutulos
630 493 638 556 1
663 487 832 574 Equitem,
851 487 1033 575 Messapus,
1046 488 1083 554 in
1097 487 1206 571 armis,

168 594 245 660 “Et
261 593 454 659 cumfratre
470 590 579 675 Geras,
596 591 675 658 latis
690 585 865 658 diffundite
880 593 1025 678 campis!
1162 592 1229 659 465

168 700 189 734 “
202 701 282 765 Pars
298 699 408 764 aditus
423 698 514 763 urbis
529 697 649 781 firmet,
666 705 836 783 turresque
852 705 1000 784 capessat
1016 718 1024 779 ;

168 804 189 836 “
202 802 329 888 Cetera,
347 823 413 888 qua
424 801 525 888 juss0,
542 823 672 866 mecum
687 823 805 867 manus
820 802 938 868 inferat
954 808 1062 870 armai
1076 805 1095 831 ''

168 908 265 974 Dicet
280 908 316 973 in
332 929 442 972 muros
458 914 531 972 tota
545 905 738 972 discurritur
753 906 839 972 urbe.

169 1013 353 1079 Concilium
366 1011 436 1096 ipse
452 1016 595 1097 pateret
611 1030 732 1096 magna
747 1009 881 1095 incepta
896 1010 1037 1078 Latinus

169 1118 309 1202 Deserit,
327 1139 365 1182 ac
382 1115 469 1182 tristi
484 1115 639 1182 turbatus
653 1122 801 1200 tempore
817 1115 938 1200 differt,
1163 1113 1230 1184 470

169 1222 344 1306 Multaque
361 1242 394 1286 se
409 1221 549 1304 incusat,
567 1220 624 1306 qui
639 1241 705 1286 non
720 1220 882 1305 acceperit
897 1221 985 1286 ultro

170 1326 376 1392 Dardanium
391 1327 530 1392 Aenean
544 1347 764 1413 generumque
780 1326 952 1392 adsciverit
967 1328 1049 1395 urbi.

170 1432 384 1498 Praefodiunt
399 1432 455 1498 alii
471 1439 592 1519 portas,
609 1438 669 1496 aut
685 1452 763 1497 saxa
780 1433 940 1518 sudesque

170 1537 383 1604 Subvectant.
432 1537 524 1602 Bello
539 1537 598 1602 dat
614 1536 744 1623 signum
759 1558 856 1602 rauca
872 1546 1045 1604 cruentum

170 1642 324 1710 Buccina.
373 1643 460 1706 Tum
474 1663 582 1706 muros
599 1640 687 1706 varia
702 1641 831 1708 cinxere
847 1665 963 1710 corona
1162 1641 1229 1714 475

164 1750 339 1840 ,Matronae
355 1747 531 1832 puerique:
557 1752 650 1810 vocat
667 1745 758 1810 labor
772 1747 911 1812 ultimus
927 1769 1047 1815 omnes.

168 1854 202 1920 N
204 1875 239 1920 ec
255 1874 320 1918 non
335 1853 379 1917 ad
394 1851 557 1937 templum
573 1871 782 1936 summasque
799 1853 841 1917 ad
857 1853 1004 1919 Palladis
1019 1875 1109 1920 arces

171 1957 372 2026 Subvehitur
386 1978 508 2042 magna
522 1963 668 2021 matrum
683 1957 794 2042 regina
809 1965 947 2042 caterva,

171 2064 268 2128 Dona
282 2063 395 2146 ferens,
409 2060 573 2146 juxtaque
588 2081 694 2126 comes
710 2060 847 2125 Lavinia
862 2061 962 2148 virgo,

171 2167 281 2234 Causa
295 2166 376 2230 mali
392 2166 490 2249 tanti,
508 2164 616 2230 oculos
632 2163 760 2250 dejecta
776 2165 916 2232 decoros.
1163 2165 1230 2232 480

127 2347 133 2360 ,
171 2273 360 2342 Succedunt
375 2277 507 2354 matres,
525 2277 560 2334 et
575 2271 738 2355 templum
754 2278 828 2336 ture
843 2278 1014 2356 vaporant,

122 2425 127 2434 .
170 2378 218 2442 Et
233 2383 375 2441 maestas
390 2375 458 2440 alto
472 2374 617 2439 fundunt
634 2374 675 2439 de
689 2374 802 2439 limine
818 2395 930 2442 voces:

172 2482 194 2516 “
206 2481 428 2566 Armipotens,
444 2501 572 2566 praeses
586 2479 684 2562 belli,¹
693 2479 841 2546 Tritonia
855 2481 954 2567 virgo,

172 2587 193 2620 “
205 2588 335 2672 Frange
346 2607 449 2652 manu
464 2585 570 2650 telum
586 2583 722 2670 Phrygii
736 2587 918 2671 praedonis,
936 2594 970 2652 et
986 2587 1097 2672 ipsum

172 2691 351 2757 “Pronum
367 2698 474 2756 sterne
490 2690 566 2772 solo,
583 2689 749 2774 portisque
765 2689 894 2756 effunde
911 2692 972 2757 sub
989 2691 1095 2759 altis.”
1163 2691 1231 2758 485

172 2796 326 2883 Cingitur
340 2797 410 2882 ipse
425 2797 536 2860 furens
552 2795 707 2860 certatim
722 2795 757 2860 in
769 2796 889 2881 proelia
906 2797 1058 2880 Turnus3

170 2904 316 2988 Jamque
333 2903 413 2968 adeo
429 2901 594 2966 Rutulum
609 2900 743 2966 thoraca
759 2901 895 2968 indutus
912 2903 1023 2969 ahenis

172 3007 337 3073 Horrebat
353 3006 507 3092 squamis,
525 3027 679 3090 surasque
694 3005 872 3074 incluserat
888 3031 976 3092 auro,

171 3114 334 3198 Tempora
348 3112 456 3177 nudus
472 3110 589 3194 adhuc,
606 3107 764 3196 laterique
780 3113 964 3180 accinxerat
980 3133 1102 3197 ensem,

170 3218 400 3304 Fulgebatque
415 3217 486 3281 alta
501 3217 673 3282 decurrens
689 3238 806 3282 aureus
821 3239 894 3284 aree
909 3239 918 3300 ;
1166 3217 1232 3284 490

170 3323 396 3408 Exsultatque
412 3322 532 3387 animis
547 3329 581 3386 et
597 3343 653 3406 spe
665 3320 735 3406 jam
751 3323 910 3408 praecipit
925 3323 1076 3390 hostem:

172 3429 287 3511 Qualis
302 3429 360 3494 ubi
374 3429 523 3513 abruptis
537 3427 625 3514 fugit
640 3429 809 3515 praesepia
825 3429 943 3494 vinclis

171 3533 321 3601 Tandem
335 3534 417 3599 liber
432 3553 543 3618 equus,
561 3555 739 3619 campoque
755 3533 882 3620 potitus
897 3540 1011 3621 aperto

171 3638 245 3704 Aut
261 3639 317 3704 ille
332 3639 367 3704 in
382 3648 497 3725 pastus
515 3647 728 3724 armentaque
745 3639 853 3704 tendit
869 3659 1037 3724 equarum,

170 3745 254 3830 Aut,
272 3753 424 3811 assuetus
440 3767 545 3830 aquae
561 3745 711 3831 perfundi
727 3744 861 3810 flumine
876 3752 965 3830 noto,
1166 3745 1233 3812 495

170 3851 316 3936 Emicat,
333 3851 529 3936 arrectisque
544 3851 655 3916 fremit
672 3849 849 3916 cervicibus
864 3851 930 3917 alte

171 3957 372 4040 Luxurians,
388 3957 574 4044 luduntque
586 3956 685 4042 jubae
702 3977 759 4042 per
775 3957 869 4044 oolla,
885 3979 943 4043 per
957 3978 1074 4022 armos.
