2944 4522
518 339 690 388 11111111
713 341 777 389 111.
802 341 849 388 xr.
1091 357 1099 374 ι
1155 318 1220 385 259

163 497 185 533 “
197 497 299 565 Haud
313 499 363 564 ita
378 520 430 564 me
447 500 575 585 experti
591 499 696 566 Bitias
712 507 746 565 et
761 496 933 565 Pandarus
946 498 1071 585 ingens,

162 603 242 669 “Et
258 626 338 689 quos
354 604 446 669 mille
461 605 514 670 die
530 605 635 670 victor
649 605 711 670 sub
727 605 866 671 Tartara
880 591 967 690 misi,

165 706 353 773 “Inclusus
369 708 471 773 muris
486 708 661 793 hostilique
678 730 794 794 aggere
810 717 931 793 septus.

164 810 184 844 “
197 811 303 878 Nullo
318 814 410 878 rator
427 813 515 879 bello.
564 813 675 898 Capiti
690 834 769 878 cane
786 813 877 896 talis,
895 813 1041 897 demens,

164 914 364 981 “Dardanio
380 917 537 1002 rebusque
553 917 628 984 tuis.
677 917 817 982 Proinde
833 918 943 983 omnia
958 939 1078 1003 magno
1154 917 1221 982 400

164 1018 246 1084 “Ne
262 1041 350 1085 cessa
365 1020 497 1086 turbare
508 1029 616 1103 metu,
633 1029 735 1106 etque
751 1022 903 1087 extollere
918 1022 1000 1087 vires

164 1123 317 1190 “Gentis
331 1125 382 1191 bis
398 1126 516 1211 victae,
533 1135 648 1192 contra
663 1147 806 1212 premere
822 1149 913 1192 arms
929 1127 1051 1193 Latini.

165 1229 186 1263 ‘¹
196 1229 294 1296 Nunc
304 1238 338 1296 et
348 1230 595 1316 Myrmidonum
607 1253 750 1317 proceres
763 1232 907 1317 Phrygia
916 1253 1006 1296 arma
1016 1231 1221 1315 tremiscunt,

165 1334 186 1367 “
200 1334 298 1400 Nunc
314 1343 348 1400 et
365 1334 509 1420 Tydides
525 1343 559 1400 et
576 1336 762 1402 Larissaeus
778 1335 939 1418 Achilles,

164 1438 315 1516 “Amnis
330 1445 365 1504 et
380 1439 560 1505 Hadriacas
575 1447 660 1506 retro
675 1440 762 1526 fugit
778 1440 920 1505 Aufidus
936 1440 1048 1505 undas.
1156 1436 1222 1506 405

165 1543 263 1608 “Vel
277 1565 354 1609 oum
370 1565 403 1609 se
418 1544 575 1630 pavidum
590 1553 703 1610 contra
718 1567 790 1610 mea
801 1545 911 1631 jurgia
926 1545 1023 1630 fingit

164 1647 344 1715 “Artificis
360 1649 475 1734 scelus,
492 1657 526 1714 et
541 1649 711 1724 formidine
728 1651 848 1715 crimen
863 1652 1032 1718 acerbat..
1047 1703 1072 1718 ..

164 1752 393 1838 “Numquam
409 1753 554 1818 animam
570 1754 672 1818 talem
687 1755 805 1820 dextra
819 1755 1031 1820 hac-absiste
1047 1755 1192 1820 moveri-

165 1857 187 1890 “
199 1857 365 1942 Amittes3
389 1858 516 1938 habitet
533 1865 643 1924 tecum
659 1867 693 1924 et
709 1859 753 1924 sit
770 1867 900 1945 pectore
916 1859 1089 1926 111111.-

165 1962 187 1994 “
199 1961 296 2028 Nunc
312 1965 355 2029 ad
369 1970 404 2029 te
421 1971 454 2029 et
471 1971 531 2029 tua
548 1986 680 2050 magna,
697 1971 802 2050 pater,
821 1964 970 2030 consulta
986 1972 1133 2030 revertor.
1157 1963 1224 2028 410

31 2127 36 2135 .
165 2067 187 2100 “
203 2067 255 2134 Sic
271 2069 398 2133 nullam
413 2068 531 2134 nostris
547 2069 636 2134 ultra
651 2089 743 2154 spem
758 2068 851 2153 ponis
866 2068 902 2132 in
917 2069 1029 2151 armis,

166 2174 187 2206 “
203 2174 238 2240 Si
253 2181 323 2239 tam
338 2175 456 2240 deserti
471 2197 595 2259 sumus,
612 2182 646 2240 et
663 2175 763 2241 semel
778 2173 906 2260 agmine
922 2194 1013 2238 verso

166 2277 367 2344 “Funditus
383 2279 571 2364 occidimus,
587 2301 693 2365 neque
709 2279 809 2344 habet
824 2277 974 2343 Fortuna
989 2296 1189 2362 regressum;

166 2382 340 2450 “Oramus
355 2405 479 2469 pacem,
496 2392 530 2450 61
546 2385 678 2449 dextras
694 2384 869 2448 tendamus
884 2383 1023 2448 inertes:

167 2489 188 2522 “
203 2489 421 2574 Quamquam,
439 2511 457 2554 o
473 2489 500 2555 si
517 2489 630 2554 solitae
646 2489 826 2574 quidquam
841 2487 973 2553 virtutis
988 2488 1128 2570 adesset,
1157 2486 1223 2553 415

167 2593 189 2627 “
201 2594 264 2658 1116
279 2594 361 2659 mihi
376 2602 453 2660 ante
469 2595 549 2660 alios
563 2595 815 2678 fortunatusque
831 2594 981 2658 laborum

167 2698 191 2731 “
201 2699 422 2784 Egregiusque
438 2699 550 2784 enimi,
567 2699 638 2784 qui,
655 2720 696 2762 ne
712 2699 792 2783 quid
808 2699 874 2762 tale
889 2698 1023 2784 videret,

168 2803 379 2870 “Procubuit
396 2804 532 2870 moriens
549 2811 582 2868 et
598 2803 738 2868 humum
754 2803 853 2868 semel
868 2826 921 2870 ore
936 2805 1118 2870 momordit.

169 2910 189 2942 “
204 2909 262 2976 sin
277 2915 311 2974 et
327 2930 404 2995 opes
419 2909 511 2974 nobis
527 2916 561 2973 et
576 2908 684 2973 adhuc
699 2908 827 2974 intacta
839 2907 1008 2993 juventus,
1092 2957 1094 2961 ,

168 3013 400 3099 “Auxilioque
416 3014 512 3078 urbes
527 3013 635 3078 Italae
650 3013 830 3098 populique
847 3021 1045 3098 supersunt;
1158 3012 1226 3076 420

168 3117 189 3150 “
204 3119 262 3184 Sin
278 3125 311 3183 et
325 3117 475 3203 Trojanis
490 3139 567 3182 cum
582 3119 689 3183 multo
705 3117 808 3204 gloria
824 3118 915 3182 venit

168 3223 189 3256 ‘⁸
204 3224 394 3310 Sanguine·
404 3231 482 3290 sunt
497 3223 562 3289 illis
578 3245 638 3289 sua
651 3223 779 3308 funera,
796 3244 920 3309 parque
936 3242 995 3306 per
1010 3242 1122 3286 omnes

168 3328 189 3360 “
204 3328 397 3413 Tempestas
406 3349 441 3394 ·:
468 3349 526 3394 eur
540 3327 704 3394 indecores
719 3327 754 3392 in
769 3327 883 3392 limine
899 3327 1005 3412 primo

167 3433 193 3467 “
208 3433 414 3500 Deficimus?
440 3440 591 3498 curante
607 3433 723 3498 tubam
738 3440 859 3498 tremor
873 3438 1012 3517 occupat
1028 3433 1148 3498 artus?

168 3537 189 3568 “
205 3536 315 3601 Multa
331 3536 400 3602 dies
415 3536 559 3622 variique
570 3536 667 3625 'labor
682 3534 852 3628 mutabilis
867 3534 940 3600 aevi
1161 3535 1227 3601 425

169 3640 334 3706 “Retulit
349 3640 385 3704 in
400 3641 537 3722 melius;
563 3641 684 3705 multos
699 3640 826 3704 alterna
842 3639 983 3704 revisens

169 3745 301 3810 “Lusit
318 3752 353 3810 et
368 3745 403 3809 in
418 3743 518 3811 solido
534 3751 643 3810 rursus
659 3744 808 3809 Fortuna
823 3745 954 3811 locavit.

169 3851 191 3884 “
204 3851 281 3916 Non
296 3850 361 3914 erit
375 3851 496 3916 auxilio
512 3850 605 3914 nobis
622 3849 761 3914 Aetolus
777 3856 811 3914 et
827 3849 912 3936 Arpi
925 3870 934 3932 ;

170 3957 254 4023 “At
271 3956 441 4042 Messapus
458 3956 521 4022 6111
537 3955 682 4042 felixque
699 3954 905 4041 Tolumnius,
923 3962 957 4021 et
972 3975 1053 4042 quos
