2944 4522
520 299 691 352 Auunlnos
713 305 778 352 LIB.
804 304 864 350 ΧΠ.

143 467 145 471 ’
162 467 251 536 Scire
267 474 448 553 potestates
463 466 639 531 herbarum
656 485 816 549 usumque
832 462 986 529 medendi

161 574 285 638 Maluit
302 581 335 638 et
353 581 464 638 mutas
480 572 605 658 agitare
620 569 777 656 inglorius
793 577 889 637 artes.
1153 649 1157 656 ⁵

153 679 283 744 ¹Stabat
299 679 415 744 acerba
430 677 580 759 fremens,
596 676 765 759 ingentem
781 673 877 740 nixus
895 673 931 738 in
945 673 1091 757 hastam,

165 785 303 868 Aeneas,
319 805 438 869 magno
451 782 612 868 juvenum
628 788 662 846 et
677 780 852 845 maerentis
869 780 937 844 Iuli

165 888 335 955 Concursu
349 887 556 972 lacrimisque
571 885 755 952 immobilis.
803 885 865 950 Ille
882 892 1003 950 retorto
1158 883 1226 950 400

158 985 346 1059 Paeonium
359 993 395 1058 in
409 1014 531 1057 morem
546 991 651 1058 senior
666 991 853 1056 succinctus
868 990 1003 1075 amictu,

164 1099 277 1164 Multa
291 1119 393 1163 manu
407 1097 535 1163 medica
551 1096 740 1182 Phoebique
757 1095 948 1181 potentibus
963 1095 1072 1162 herbis

164 1202 403 1289 Nequidquam
419 1202 574 1288 trepidat,
591 1201 815 1287 nequidquam
832 1200 958 1286 spicula
974 1203 1090 1267 dextra

167 1308 340 1393 Sollicitat,
357 1315 554 1394 prensatque
571 1307 679 1372 tenaci
692 1306 815 1392 forcipe
831 1307 960 1374 ferrum.

165 1414 268 1479 Nulla
283 1413 372 1478 viam
386 1413 536 1480 Fortuna
551 1413 645 1500 regit,
663 1413 745 1478 nihil
761 1420 874 1479 auctor
889 1413 1008 1500 Apollo
1162 1411 1228 1479 405

167 1519 351 1602 Subvenit3
377 1527 411 1584 et
427 1541 540 1585 saevus
556 1518 681 1604 campis
696 1519 800 1604 magis
816 1541 854 1584 ac
870 1518 975 1605 magis
991 1519 1102 1584 horror

167 1623 362 1708 Orebrescit,
378 1625 575 1710 propiusque
591 1625 716 1689 malum
732 1631 790 1691 est.
836 1624 915 1690 11111
931 1625 1064 1711 pulvere
1081 1623 1207 1688 coelum

167 1729 262 1796 Stare
278 1729 626 1814 vident,·subeuntque
643 1729 779 1814 equites,
798 1738 831 1794 et
848 1730 972 1816 spicula
988 1729 1103 1796 castris

166 1833 280 1900 Densa
296 1835 419 1900 cadunt
435 1835 570 1918 mediis;
595 1835 623 1899 it
639 1835 743 1902 tristis
758 1837 801 1901 ad
816 1836 949 1900 aethera
965 1837 1087 1900 clamor
1104 1881 1118 1894 ..

168 1939 359 2004 Bellantum
370 1939 532 2026 juvenum
548 1950 581 2005 et
597 1941 678 2005 duro
695 1941 756 2012 sub
772 1941 880 2005 Marte
896 1940 1081 2007 cadentum.
1160 1938 1227 2004 410

166 2043 232 2108 Hic
249 2043 373 2129 Venus,
389 2045 524 2131 indigno
539 2045 611 2110 nati
626 2067 782 2110 concussa
796 2045 917 2128 dolore,

168 2147 385 2214 Dictamnum
400 2149 549 2235 genetrix
566 2149 703 2216 Oretaea
719 2149 844 2235 carpsit
860 2149 902 2214 ab
918 2149 991 2234 Ida,

166 2253 352 2319 Puberibue
367 2255 497 2318 caulem
511 2255 596 2320 foliis
612 2262 646 2319 et
661 2255 738 2320 flore
754 2261 942 2320 comantem

166 2359 360 2446 Purpureo:
385 2382 451 2427 non
465 2361 523 2426 illa
537 2360 613 2426 feris
629 2361 796 2446 incognita
813 2360 919 2446 capris

168 2465 337 2550 Gramina,
354 2487 457 2550 quum
473 2473 564 2552 tergo
578 2465 725 2532 volueres
739 2466 870 2531 haesere
887 2465 1038 2552 sagittae.
1164 2464 1231 2534 415

167 2570 240 2636 Hoc
256 2569 382 2654 Venus,
399 2571 535 2636 obscuro
549 2570 667 2636 faciem
682 2571 885 2637 circumdata
900 2571 1023 2658 nimb0,

169 2676 321 2742 Detulit:
346 2676 406 2741 hoc
421 2676 533 2742 fusum
547 2676 646 2742 labris
662 2677 909 2762 splendentibus
925 2698 1055 2744 amnem

167 2781 291 2866 Inficit,
306 2782 435 2847 occulte
450 2781 625 2864 medicans,
643 2782 833 2870 spargitque
849 2783 995 2850 salubres

167 2886 359 2953 Ambrosiae
375 2908 486 2954 succos
502 2893 536 2952 et
553 2887 743 2952 odoriferam
758 2909 948 2974 panaceam,

166 2991 267 3058 Fovit
283 3014 321 3057 ea
335 2993 456 3058 vulnus
471 2992 608 3078 lympha
623 2993 799 3079 longaevus
816 2993 907 3078 Iapis
1162 2993 1230 3059 420

165 3098 336 3184 Ignorans,
353 3091 527 3183 subitoque
543 3097 647 3163 omnis
663 3099 703 3164 de
719 3118 850 3184 corpore
865 3098 952 3186 fugit

166 3203 298 3288 Quippe
314 3203 414 3288 dolor,
431 3203 536 3268 omnis
552 3203 647 3269 stetit
662 3203 730 3269 imo
745 3205 878 3269 vulnere
895 3203 1050 3290 sanguis3

165 3308 189 3374 J
190 3329 309 3394 amque
325 3315 439 3374 secuta
453 3329 591 3374 manum
606 3309 696 3374 nullo
712 3317 846 3395 cogente
863 3309 985 3394 sagitta

164 3413 314 3497 Excidit,
331 3420 431 3498 atque
446 3435 548 3478 novae
563 3413 683 3478 rediere
698 3413 734 3477 in
749 3411 889 3500 pristina
903 3413 995 3480 vires.

166 3516 306 3580 “Arma
321 3517 382 3583 citi
396 3525 566 3604 properate
581 3517 647 3584 viro
662 3525 669 3586 !
719 3517 806 3599 Quid
822 3517 918 3584 statis
930 3519 946 3584 Ρ
959 3520 979 3548 ”
1003 3519 1093 3605 Iapis
1161 3519 1229 3592 425

166 3620 372 3707 Conclamat,
390 3622 579 3709 primusque
595 3623 718 3688 animos
734 3623 883 3688 accendit
898 3624 934 3688 in
949 3623 1086 3692 hostem.
1113 3617 1114 3620 ¹

165 3726 188 3759 “
202 3725 280 3792 Non
294 3726 375 3792 haec
391 3726 545 3793 humanis
562 3728 689 3814 opibus,
706 3749 773 3792 non
788 3735 859 3792 arte
877 3729 1036 3814 magistra

165 3830 188 3864 “
199 3831 413 3915 Proveniant,
430 3853 535 3917 neque
551 3841 596 3916 te,
613 3833 737 3916 Aenea,
755 3853 828 3898 mea
845 3834 980 3900 dextera
996 3844 1128 3921 servat3

165 3937 306 4023 “Major
321 3936 392 4023 agit
408 3937 487 4004 deus
502 3945 603 4024 atque
618 3959 716 4025 opera
731 3940 774 4004 ad
790 3938 913 4025 majora
927 3941 1100 4009 remittit.''
