<?xml version="1.0" encoding="UTF-8"?>
<!DOCTYPE html PUBLIC "-//W3C//DTD XHTML 1.0 Transitional//EN"
    "http://www.w3.org/TR/xhtml1/DTD/xhtml1-transitional.dtd">
<html xmlns="http://www.w3.org/1999/xhtml" xml:lang="en" lang="en">
 <head>
  <title>
</title>
<meta http-equiv="Content-Type" content="text/html;charset=utf-8" />
  <meta name='ocr-system' content='tesseract 3.04.00' />
  <meta name='ocr-capabilities' content='ocr_page ocr_carea ocr_par ocr_line ocrx_word'/>
</head>
<body>
  <div class='ocr_page' id='page_1' title='image "./virgilsaeneidwi00virggoog_0172.png"; bbox 0 0 2898 4518; ppageno 0'>
   <div class='ocr_carea' id='block_1_1' title="bbox 256 335 957 402">
    <p class='ocr_par' dir='ltr' id='par_1_1' title="bbox 256 335 957 402">
     <span class='ocr_line' id='line_1_1' title="bbox 256 335 957 402; baseline -0.003 -2"><span class='ocrx_word' id='word_1_1' title='bbox 256 335 321 402; x_wconf 87' lang='grc'><strong>148</strong></span> <span class='ocrx_word' id='word_1_2' title='bbox 612 349 782 398; x_wconf 78' lang='lat' dir='ltr'><strong>susurnos</strong></span> <span class='ocrx_word' id='word_1_3' title='bbox 804 350 870 398; x_wconf 83' lang='lat' dir='ltr'><strong>nm.</strong></span> <span class='ocrx_word' id='word_1_4' title='bbox 896 351 957 398; x_wconf 81' lang='lat' dir='ltr'><strong>vn.</strong></span> 
     </span>
    </p>
   </div>
   <div class='ocr_carea' id='block_1_2' title="bbox 256 509 1321 1332">
    <p class='ocr_par' dir='ltr' id='par_1_2' title="bbox 257 509 1017 598">
     <span class='ocr_line' id='line_1_2' title="bbox 257 509 1017 598; baseline -0.001 -21"><span class='ocrx_word' id='word_1_5' title='bbox 257 511 372 578; x_wconf 89' lang='lat' dir='ltr'><strong>Delati</strong></span> <span class='ocrx_word' id='word_1_6' title='bbox 387 511 423 578; x_wconf 93' lang='lat' dir='ltr'><strong>in</strong></span> <span class='ocrx_word' id='word_1_7' title='bbox 438 519 563 598; x_wconf 85' lang='lat' dir='ltr'><strong>portus,</strong></span> <span class='ocrx_word' id='word_1_8' title='bbox 579 532 646 576; x_wconf 93' lang='lat' dir='ltr'><strong>nen</strong></span> <span class='ocrx_word' id='word_1_9' title='bbox 660 510 758 576; x_wconf 88' lang='lat' dir='ltr'><strong>litora</strong></span> <span class='ocrx_word' id='word_1_10' title='bbox 773 509 844 575; x_wconf 88' lang='lat' dir='ltr'><strong>dira</strong></span> <span class='ocrx_word' id='word_1_11' title='bbox 860 509 1017 594; x_wconf 88' lang='lat' dir='ltr'><strong>subirent,</strong></span> 
     </span>
    </p>

    <p class='ocr_par' dir='ltr' id='par_1_3' title="bbox 256 614 989 702">
     <span class='ocr_line' id='line_1_3' title="bbox 256 614 989 702; baseline -0.003 -20"><span class='ocrx_word' id='word_1_12' title='bbox 256 617 434 702; x_wconf 82' lang='lat' dir='ltr'><strong>Neptunus</strong></span> <span class='ocrx_word' id='word_1_13' title='bbox 449 616 557 682; x_wconf 87' lang='lat' dir='ltr'><strong>ventis</strong></span> <span class='ocrx_word' id='word_1_14' title='bbox 571 615 722 702; x_wconf 86' lang='lat' dir='ltr'><strong>implevit</strong></span> <span class='ocrx_word' id='word_1_15' title='bbox 738 615 812 680; x_wconf 88' lang='lat' dir='ltr'><strong>vela</strong></span> <span class='ocrx_word' id='word_1_16' title='bbox 828 614 989 700; x_wconf 85' lang='lat' dir='ltr'><strong>secundis,</strong></span> 
     </span>
    </p>

    <p class='ocr_par' dir='ltr' id='par_1_4' title="bbox 256 719 1150 808">
     <span class='ocr_line' id='line_1_4' title="bbox 256 719 1150 808; baseline -0.002 -20"><span class='ocrx_word' id='word_1_17' title='bbox 256 723 370 807; x_wconf 89' lang='lat' dir='ltr'><strong>Atque</strong></span> <span class='ocrx_word' id='word_1_18' title='bbox 385 721 499 808; x_wconf 82' lang='lat' dir='ltr'><strong>fugam</strong></span> <span class='ocrx_word' id='word_1_19' title='bbox 513 721 605 787; x_wconf 83' lang='lat' dir='ltr'><strong>dedit</strong></span> <span class='ocrx_word' id='word_1_20' title='bbox 621 728 655 786; x_wconf 93' lang='lat' dir='ltr'><strong>et</strong></span> <span class='ocrx_word' id='word_1_21' title='bbox 670 728 801 808; x_wconf 89' lang='lat' dir='ltr'><strong>praeter</strong></span> <span class='ocrx_word' id='word_1_22' title='bbox 816 721 899 785; x_wconf 87' lang='lat' dir='ltr'><strong>vade</strong></span> <span class='ocrx_word' id='word_1_23' title='bbox 913 720 1038 785; x_wconf 88' lang='lat' dir='ltr'><strong>fervida</strong></span> <span class='ocrx_word' id='word_1_24' title='bbox 1052 719 1150 786; x_wconf 89' lang='lat' dir='ltr'><strong>vexit.</strong></span> 
     </span>
    </p>

    <p class='ocr_par' dir='ltr' id='par_1_5' title="bbox 256 825 1321 1017">
     <span class='ocr_line' id='line_1_5' title="bbox 256 825 1321 912; baseline -0.001 -20"><span class='ocrx_word' id='word_1_25' title='bbox 256 827 399 912; x_wconf 84' lang='lat' dir='ltr'><strong>Jamque</strong></span> <span class='ocrx_word' id='word_1_26' title='bbox 415 826 608 892; x_wconf 88' lang='lat' dir='ltr'><strong>rubescebat</strong></span> <span class='ocrx_word' id='word_1_27' title='bbox 623 826 722 891; x_wconf 87' lang='lat' dir='ltr'><strong>radiis</strong></span> <span class='ocrx_word' id='word_1_28' title='bbox 738 846 840 910; x_wconf 86' lang='lat' dir='ltr'><strong>mare,</strong></span> <span class='ocrx_word' id='word_1_29' title='bbox 857 834 891 890; x_wconf 90' lang='lat' dir='ltr'><strong>et</strong></span> <span class='ocrx_word' id='word_1_30' title='bbox 906 825 1035 890; x_wconf 80' lang='lat' dir='ltr'>aethere</span> <span class='ocrx_word' id='word_1_31' title='bbox 1051 826 1093 891; x_wconf 91' lang='lat' dir='ltr'><strong>ab</strong></span> <span class='ocrx_word' id='word_1_32' title='bbox 1108 825 1176 890; x_wconf 85' lang='lat' dir='ltr'><strong>alto</strong></span> <span class='ocrx_word' id='word_1_33' title='bbox 1277 825 1321 892; x_wconf 81' lang='lat'><strong>25</strong></span> 
     </span>
     <span class='ocr_line' id='line_1_6' title="bbox 256 930 937 1017; baseline 0 -21"><span class='ocrx_word' id='word_1_34' title='bbox 256 931 384 996; x_wconf 83' lang='lat' dir='ltr'><strong>Aurora</strong></span> <span class='ocrx_word' id='word_1_35' title='bbox 399 931 434 996; x_wconf 91' lang='lat' dir='ltr'><strong>in</strong></span> <span class='ocrx_word' id='word_1_36' title='bbox 450 931 548 997; x_wconf 89' lang='lat' dir='ltr'><strong>roseis</strong></span> <span class='ocrx_word' id='word_1_37' title='bbox 562 931 712 1016; x_wconf 78' lang='lat' dir='ltr'><strong>fulgebat</strong></span> <span class='ocrx_word' id='word_1_38' title='bbox 726 931 819 995; x_wconf 92' lang='lat' dir='ltr'><strong>lutea</strong></span> <span class='ocrx_word' id='word_1_39' title='bbox 834 930 937 1017; x_wconf 81' lang='lat' dir='ltr'><strong>bigis;</strong></span> 
     </span>
    </p>

    <p class='ocr_par' dir='ltr' id='par_1_6' title="bbox 257 1034 1103 1120">
     <span class='ocr_line' id='line_1_7' title="bbox 257 1034 1103 1120; baseline 0.001 -21"><span class='ocrx_word' id='word_1_40' title='bbox 257 1035 367 1114; x_wconf 80' lang='lat' dir='ltr'><strong>Quum</strong></span> <span class='ocrx_word' id='word_1_41' title='bbox 382 1035 474 1100; x_wconf 91' lang='lat' dir='ltr'><strong>venti</strong></span> <span class='ocrx_word' id='word_1_42' title='bbox 490 1055 633 1120; x_wconf 84' lang='lat' dir='ltr'><strong>posuere,</strong></span> <span class='ocrx_word' id='word_1_43' title='bbox 650 1035 819 1119; x_wconf 91' lang='lat' dir='ltr'><strong>omnisque</strong></span> <span class='ocrx_word' id='word_1_44' title='bbox 835 1042 967 1120; x_wconf 89' lang='lat' dir='ltr'><strong>repente</strong></span> <span class='ocrx_word' id='word_1_45' title='bbox 983 1034 1103 1100; x_wconf 81' lang='lat' dir='ltr'><strong>resedit</strong></span> 
     </span>
    </p>

    <p class='ocr_par' dir='ltr' id='par_1_7' title="bbox 256 1139 1086 1224">
     <span class='ocr_line' id='line_1_8' title="bbox 256 1139 1086 1224; baseline 0.002 -21"><span class='ocrx_word' id='word_1_46' title='bbox 256 1139 385 1224; x_wconf 85' lang='lat' dir='ltr'><strong>Fletus,</strong></span> <span class='ocrx_word' id='word_1_47' title='bbox 403 1145 436 1204; x_wconf 93' lang='lat' dir='ltr'><strong>et</strong></span> <span class='ocrx_word' id='word_1_48' title='bbox 452 1139 488 1204; x_wconf 89' lang='lat' dir='ltr'><strong>in</strong></span> <span class='ocrx_word' id='word_1_49' title='bbox 501 1140 591 1205; x_wconf 90' lang='lat' dir='ltr'><strong>lento</strong></span> <span class='ocrx_word' id='word_1_50' title='bbox 605 1140 775 1205; x_wconf 87' lang='lat' dir='ltr'><strong>luctantur</strong></span> <span class='ocrx_word' id='word_1_51' title='bbox 789 1160 948 1204; x_wconf 88' lang='lat' dir='ltr'><strong>marmore</strong></span> <span class='ocrx_word' id='word_1_52' title='bbox 965 1147 1086 1206; x_wconf 88' lang='lat' dir='ltr'><strong>tonsae.</strong></span> 
     </span>
    </p>

    <p class='ocr_par' dir='ltr' id='par_1_8' title="bbox 257 1245 1177 1332">
     <span class='ocr_line' id='line_1_9' title="bbox 257 1245 1177 1332; baseline 0 -22"><span class='ocrx_word' id='word_1_53' title='bbox 257 1245 370 1330; x_wconf 82' lang='lat' dir='ltr'><strong>Atque</strong></span> <span class='ocrx_word' id='word_1_54' title='bbox 384 1245 437 1311; x_wconf 91' lang='lat' dir='ltr'><strong>hic</strong></span> <span class='ocrx_word' id='word_1_55' title='bbox 453 1245 583 1312; x_wconf 86' lang='lat' dir='ltr'><strong>Aeneas</strong></span> <span class='ocrx_word' id='word_1_56' title='bbox 598 1245 766 1332; x_wconf 78' lang='lat' dir='ltr'><strong>ingentem</strong></span> <span class='ocrx_word' id='word_1_57' title='bbox 781 1267 822 1310; x_wconf 87' lang='lat' dir='ltr'><strong>ex</strong></span> <span class='ocrx_word' id='word_1_58' title='bbox 837 1265 975 1330; x_wconf 90' lang='lat' dir='ltr'><strong>aequore</strong></span> <span class='ocrx_word' id='word_1_59' title='bbox 991 1246 1104 1310; x_wconf 91' lang='lat' dir='ltr'><strong>lucum</strong></span> <span class='ocrx_word' id='word_1_60' title='bbox 1171 1281 1177 1296; x_wconf 93' lang='lat'><strong>·</strong></span> 
     </span>
    </p>
   </div>
   <div class='ocr_carea' id='block_1_3' title="bbox 259 1323 1441 1437">
    <p class='ocr_par' dir='ltr' id='par_1_9' title="bbox 259 1323 1441 1437">
     <span class='ocr_line' id='line_1_10' title="bbox 259 1323 1441 1437; baseline 0.001 -22"><span class='ocrx_word' id='word_1_61' title='bbox 259 1350 441 1437; x_wconf 90' lang='lat' dir='ltr'><strong>Prospioit:</strong></span> <span class='ocrx_word' id='word_1_62' title='bbox 465 1350 553 1416; x_wconf 91' lang='lat' dir='ltr'><strong>huno</strong></span> <span class='ocrx_word' id='word_1_63' title='bbox 569 1351 656 1416; x_wconf 91' lang='lat' dir='ltr'><strong>inter</strong></span> <span class='ocrx_word' id='word_1_64' title='bbox 670 1350 770 1415; x_wconf 88' lang='lat' dir='ltr'><strong>fluvio</strong></span> <span class='ocrx_word' id='word_1_65' title='bbox 787 1349 960 1416; x_wconf 83' lang='lat' dir='ltr'><strong>Tiberinus</strong></span> <span class='ocrx_word' id='word_1_66' title='bbox 975 1371 1120 1435; x_wconf 87' lang='lat' dir='ltr'><strong>amoeno,</strong></span> <span class='ocrx_word' id='word_1_67' title='bbox 1280 1351 1323 1416; x_wconf 89' lang='grc'><strong>30</strong></span> <span class='ocrx_word' id='word_1_68' title='bbox 1440 1323 1441 1354; x_wconf 52' lang='lat'>³</span> 
     </span>
    </p>
   </div>
   <div class='ocr_carea' id='block_1_4' title="bbox 215 1455 1326 4053">
    <p class='ocr_par' dir='ltr' id='par_1_10' title="bbox 215 1455 1324 2067">
     <span class='ocr_line' id='line_1_11' title="bbox 258 1455 998 1542; baseline 0 -22"><span class='ocrx_word' id='word_1_69' title='bbox 258 1455 446 1522; x_wconf 85' lang='lat' dir='ltr'><strong>Verticibns</strong></span> <span class='ocrx_word' id='word_1_70' title='bbox 462 1455 584 1542; x_wconf 81' lang='lat' dir='ltr'><strong>rapidis</strong></span> <span class='ocrx_word' id='word_1_71' title='bbox 599 1464 633 1521; x_wconf 89' lang='lat' dir='ltr'><strong>et</strong></span> <span class='ocrx_word' id='word_1_72' title='bbox 649 1457 757 1522; x_wconf 90' lang='lat' dir='ltr'><strong>multa</strong></span> <span class='ocrx_word' id='word_1_73' title='bbox 771 1455 876 1522; x_wconf 88' lang='lat' dir='ltr'><strong>flavus</strong></span> <span class='ocrx_word' id='word_1_74' title='bbox 891 1478 998 1541; x_wconf 84' lang='lat' dir='ltr'><strong>arena,</strong></span> 
     </span>
     <span class='ocr_line' id='line_1_12' title="bbox 257 1559 1133 1646; baseline -0.001 -21"><span class='ocrx_word' id='word_1_75' title='bbox 257 1559 299 1625; x_wconf 92' lang='lat' dir='ltr'><strong>In</strong></span> <span class='ocrx_word' id='word_1_76' title='bbox 314 1581 402 1625; x_wconf 90' lang='lat' dir='ltr'><strong>mare</strong></span> <span class='ocrx_word' id='word_1_77' title='bbox 417 1560 600 1646; x_wconf 87' lang='lat' dir='ltr'><strong>prorumpit</strong></span> <span class='ocrx_word' id='word_1_78' title='bbox 613 1579 623 1641; x_wconf 84' lang='lat'>3</span> <span class='ocrx_word' id='word_1_79' title='bbox 648 1560 754 1624; x_wconf 88' lang='lat' dir='ltr'><strong>variae</strong></span> <span class='ocrx_word' id='word_1_80' title='bbox 770 1560 957 1646; x_wconf 87' lang='lat' dir='ltr'><strong>circumque</strong></span> <span class='ocrx_word' id='word_1_81' title='bbox 973 1581 1133 1645; x_wconf 83' lang='lat' dir='ltr'><strong>supraque</strong></span> 
     </span>
     <span class='ocr_line' id='line_1_13' title="bbox 215 1663 992 1750; baseline 0.001 -22"><span class='ocrx_word' id='word_1_82' title='bbox 215 1736 222 1748; x_wconf 26' lang='grc' dir='ltr'>ἱ</span> <span class='ocrx_word' id='word_1_83' title='bbox 258 1663 419 1729; x_wconf 87' lang='lat' dir='ltr'><strong>Assnetae</strong></span> <span class='ocrx_word' id='word_1_84' title='bbox 435 1664 515 1750; x_wconf 84' lang='lat' dir='ltr'><strong>ripis</strong></span> <span class='ocrx_word' id='word_1_85' title='bbox 530 1665 673 1729; x_wconf 78' lang='lat' dir='ltr'><strong>volueres</strong></span> <span class='ocrx_word' id='word_1_86' title='bbox 689 1671 723 1728; x_wconf 92' lang='lat' dir='ltr'><strong>et</strong></span> <span class='ocrx_word' id='word_1_87' title='bbox 740 1663 886 1730; x_wconf 89' lang='lat' dir='ltr'><strong>fluminis</strong></span> <span class='ocrx_word' id='word_1_88' title='bbox 901 1665 992 1730; x_wconf 90' lang='lat' dir='ltr'><strong>alveo</strong></span> 
     </span>
     <span class='ocr_line' id='line_1_14' title="bbox 259 1771 1069 1856; baseline 0.001 -21"><span class='ocrx_word' id='word_1_89' title='bbox 259 1771 403 1836; x_wconf 85' lang='lat' dir='ltr'><strong>Aethera</strong></span> <span class='ocrx_word' id='word_1_90' title='bbox 419 1771 608 1836; x_wconf 80' lang='lat' dir='ltr'><strong>mulcebant</strong></span> <span class='ocrx_word' id='word_1_91' title='bbox 624 1777 736 1855; x_wconf 86' lang='lat' dir='ltr'><strong>cantu,</strong></span> <span class='ocrx_word' id='word_1_92' title='bbox 753 1771 891 1856; x_wconf 90' lang='lat' dir='ltr'><strong>lucoque</strong></span> <span class='ocrx_word' id='word_1_93' title='bbox 905 1771 1069 1836; x_wconf 89' lang='lat' dir='ltr'><strong>volabant.</strong></span> 
     </span>
     <span class='ocr_line' id='line_1_15' title="bbox 258 1875 1324 1960; baseline 0.001 -19"><span class='ocrx_word' id='word_1_94' title='bbox 258 1875 407 1941; x_wconf 83' lang='lat' dir='ltr'><strong>Flectere</strong></span> <span class='ocrx_word' id='word_1_95' title='bbox 422 1876 486 1940; x_wconf 91' lang='lat' dir='ltr'><strong>iter</strong></span> <span class='ocrx_word' id='word_1_96' title='bbox 500 1875 594 1941; x_wconf 88' lang='lat' dir='ltr'><strong>sociis</strong></span> <span class='ocrx_word' id='word_1_97' title='bbox 611 1883 778 1960; x_wconf 87' lang='lat' dir='ltr'><strong>terraeque</strong></span> <span class='ocrx_word' id='word_1_98' title='bbox 794 1876 961 1940; x_wconf 86' lang='lat' dir='ltr'><strong>advertere</strong></span> <span class='ocrx_word' id='word_1_99' title='bbox 976 1895 1086 1960; x_wconf 87' lang='lat' dir='ltr'><strong>proras</strong></span> <span class='ocrx_word' id='word_1_100' title='bbox 1280 1877 1324 1943; x_wconf 87' lang='grc'><strong>35</strong></span> 
     </span>
     <span class='ocr_line' id='line_1_16' title="bbox 259 1980 991 2067; baseline 0.001 -21"><span class='ocrx_word' id='word_1_101' title='bbox 259 1982 416 2067; x_wconf 90' lang='lat' dir='ltr'><strong>Imperat,</strong></span> <span class='ocrx_word' id='word_1_102' title='bbox 433 1989 466 2046; x_wconf 91' lang='lat' dir='ltr'><strong>et</strong></span> <span class='ocrx_word' id='word_1_103' title='bbox 483 1982 590 2047; x_wconf 88' lang='lat' dir='ltr'><strong>laetus</strong></span> <span class='ocrx_word' id='word_1_104' title='bbox 605 1981 705 2046; x_wconf 88' lang='lat' dir='ltr'><strong>fluvio</strong></span> <span class='ocrx_word' id='word_1_105' title='bbox 721 1980 866 2046; x_wconf 84' lang='lat' dir='ltr'><strong>succedit</strong></span> <span class='ocrx_word' id='word_1_106' title='bbox 881 2003 991 2066; x_wconf 84' lang='lat' dir='ltr'><strong>opace.</strong></span> 
     </span>
    </p>

    <p class='ocr_par' dir='ltr' id='par_1_11' title="bbox 259 2085 1326 4053">
     <span class='ocr_line' id='line_1_17' title="bbox 325 2085 1233 2172; baseline -0.002 -21"><span class='ocrx_word' id='word_1_107' title='bbox 325 2086 424 2151; x_wconf 86' lang='lat' dir='ltr'><strong>Nunc</strong></span> <span class='ocrx_word' id='word_1_108' title='bbox 440 2108 509 2172; x_wconf 84' lang='lat' dir='ltr'><strong>age,</strong></span> <span class='ocrx_word' id='word_1_109' title='bbox 526 2086 584 2171; x_wconf 91' lang='lat' dir='ltr'><strong>qui</strong></span> <span class='ocrx_word' id='word_1_110' title='bbox 599 2107 699 2172; x_wconf 78' lang='lat' dir='ltr'><strong>reges,</strong></span> <span class='ocrx_word' id='word_1_111' title='bbox 717 2085 831 2169; x_wconf 82' lang='lat' dir='ltr'><strong>Erato,</strong></span> <span class='ocrx_word' id='word_1_112' title='bbox 848 2106 932 2170; x_wconf 89' lang='lat' dir='ltr'><strong>quae</strong></span> <span class='ocrx_word' id='word_1_113' title='bbox 945 2093 1098 2170; x_wconf 79' lang='lat' dir='ltr'><strong>tempora</strong></span> <span class='ocrx_word' id='word_1_114' title='bbox 1113 2106 1233 2170; x_wconf 90' lang='lat' dir='ltr'><strong>rerum,</strong></span> 
     </span>
     <span class='ocr_line' id='line_1_18' title="bbox 260 2190 1150 2277; baseline -0.002 -21"><span class='ocrx_word' id='word_1_115' title='bbox 260 2192 339 2272; x_wconf 81' lang='lat' dir='ltr'><strong>Quis</strong></span> <span class='ocrx_word' id='word_1_116' title='bbox 354 2190 452 2257; x_wconf 86' lang='lat' dir='ltr'><strong>Latio</strong></span> <span class='ocrx_word' id='word_1_117' title='bbox 468 2191 604 2277; x_wconf 88' lang='lat' dir='ltr'><strong>antiquo</strong></span> <span class='ocrx_word' id='word_1_118' title='bbox 619 2190 719 2256; x_wconf 81' lang='lat' dir='ltr'><strong>suerit</strong></span> <span class='ocrx_word' id='word_1_119' title='bbox 736 2197 854 2275; x_wconf 86' lang='lat' dir='ltr'><strong>status,</strong></span> <span class='ocrx_word' id='word_1_120' title='bbox 872 2191 999 2256; x_wconf 88' lang='lat' dir='ltr'><strong>advena</strong></span> <span class='ocrx_word' id='word_1_121' title='bbox 1014 2190 1150 2256; x_wconf 82' lang='lat' dir='ltr'><strong>classem</strong></span> 
     </span>
     <span class='ocr_line' id='line_1_19' title="bbox 260 2294 1111 2383; baseline -0.002 -21"><span class='ocrx_word' id='word_1_122' title='bbox 260 2299 371 2379; x_wconf 86' lang='lat' dir='ltr'><strong>Quum</strong></span> <span class='ocrx_word' id='word_1_123' title='bbox 387 2296 531 2383; x_wconf 87' lang='lat' dir='ltr'><strong>primum</strong></span> <span class='ocrx_word' id='word_1_124' title='bbox 547 2295 701 2362; x_wconf 87' lang='lat' dir='ltr'><strong>Ausoniis</strong></span> <span class='ocrx_word' id='word_1_125' title='bbox 716 2295 879 2360; x_wconf 88' lang='lat' dir='ltr'><strong>exercitus</strong></span> <span class='ocrx_word' id='word_1_126' title='bbox 894 2295 1024 2381; x_wconf 88' lang='lat' dir='ltr'><strong>appulit</strong></span> <span class='ocrx_word' id='word_1_127' title='bbox 1039 2294 1111 2379; x_wconf 90' lang='lat' dir='ltr'><strong>oris,</strong></span> 
     </span>
     <span class='ocr_line' id='line_1_20' title="bbox 259 2399 1323 2487; baseline -0.001 -21"><span class='ocrx_word' id='word_1_128' title='bbox 259 2401 456 2487; x_wconf 73' lang='lat' dir='ltr'><strong>Expellam,</strong></span> <span class='ocrx_word' id='word_1_129' title='bbox 473 2409 507 2466; x_wconf 92' lang='lat' dir='ltr'><strong>et</strong></span> <span class='ocrx_word' id='word_1_130' title='bbox 523 2401 646 2486; x_wconf 84' lang='lat' dir='ltr'><strong>primae</strong></span> <span class='ocrx_word' id='word_1_131' title='bbox 662 2400 815 2466; x_wconf 89' lang='lat' dir='ltr'><strong>revocabo</strong></span> <span class='ocrx_word' id='word_1_132' title='bbox 831 2400 962 2464; x_wconf 88' lang='lat' dir='ltr'><strong>exordia</strong></span> <span class='ocrx_word' id='word_1_133' title='bbox 977 2420 1129 2485; x_wconf 83' lang='lat' dir='ltr'><strong>pugnae:</strong></span> <span class='ocrx_word' id='word_1_134' title='bbox 1279 2399 1323 2465; x_wconf 92' lang='lat'><strong>40</strong></span> 
     </span>
     <span class='ocr_line' id='line_1_21' title="bbox 262 2503 1184 2590; baseline -0.002 -20"><span class='ocrx_word' id='word_1_135' title='bbox 262 2506 316 2570; x_wconf 82' lang='lat' dir='ltr'><strong>Tu</strong></span> <span class='ocrx_word' id='word_1_136' title='bbox 330 2513 450 2590; x_wconf 88' lang='lat' dir='ltr'><strong>vatem,</strong></span> <span class='ocrx_word' id='word_1_137' title='bbox 468 2513 518 2589; x_wconf 82' lang='lat' dir='ltr'><strong>tu,</strong></span> <span class='ocrx_word' id='word_1_138' title='bbox 535 2504 621 2587; x_wconf 89' lang='lat' dir='ltr'><strong>diva,</strong></span> <span class='ocrx_word' id='word_1_139' title='bbox 639 2510 756 2572; x_wconf 82' lang='lat' dir='ltr'><strong>monet</strong></span> <span class='ocrx_word' id='word_1_140' title='bbox 806 2503 925 2569; x_wconf 89' lang='lat' dir='ltr'><strong>Dicam</strong></span> <span class='ocrx_word' id='word_1_141' title='bbox 943 2504 1073 2570; x_wconf 86' lang='lat' dir='ltr'><strong>horrida</strong></span> <span class='ocrx_word' id='word_1_142' title='bbox 1087 2505 1184 2589; x_wconf 89' lang='lat' dir='ltr'><strong>bella,</strong></span> 
     </span>
     <span class='ocr_line' id='line_1_22' title="bbox 261 2608 1075 2696; baseline 0 -21"><span class='ocrx_word' id='word_1_143' title='bbox 261 2611 379 2676; x_wconf 90' lang='lat' dir='ltr'><strong>Dicam</strong></span> <span class='ocrx_word' id='word_1_144' title='bbox 395 2609 480 2675; x_wconf 88' lang='lat' dir='ltr'><strong>acies</strong></span> <span class='ocrx_word' id='word_1_145' title='bbox 495 2617 649 2694; x_wconf 85' lang='lat' dir='ltr'><strong>actosque</strong></span> <span class='ocrx_word' id='word_1_146' title='bbox 665 2608 784 2674; x_wconf 88' lang='lat' dir='ltr'><strong>animis</strong></span> <span class='ocrx_word' id='word_1_147' title='bbox 799 2609 834 2674; x_wconf 91' lang='lat' dir='ltr'><strong>in</strong></span> <span class='ocrx_word' id='word_1_148' title='bbox 848 2609 962 2674; x_wconf 83' lang='lat' dir='ltr'><strong>funera</strong></span> <span class='ocrx_word' id='word_1_149' title='bbox 977 2631 1075 2696; x_wconf 85' lang='lat' dir='ltr'><strong>reges,</strong></span> 
     </span>
     <span class='ocr_line' id='line_1_23' title="bbox 261 2715 1211 2800; baseline 0.002 -22"><span class='ocrx_word' id='word_1_150' title='bbox 261 2715 528 2800; x_wconf 81' lang='lat' dir='ltr'><strong>Tyrrhenamque</strong></span> <span class='ocrx_word' id='word_1_151' title='bbox 543 2735 678 2778; x_wconf 91' lang='lat' dir='ltr'><strong>manum</strong></span> <span class='ocrx_word' id='word_1_152' title='bbox 695 2721 864 2799; x_wconf 89' lang='lat' dir='ltr'><strong>totamque</strong></span> <span class='ocrx_word' id='word_1_153' title='bbox 880 2716 940 2780; x_wconf 90' lang='lat' dir='ltr'><strong>sub</strong></span> <span class='ocrx_word' id='word_1_154' title='bbox 957 2736 1046 2780; x_wconf 86' lang='lat' dir='ltr'><strong>arma</strong></span> <span class='ocrx_word' id='word_1_155' title='bbox 1062 2721 1211 2780; x_wconf 89' lang='lat' dir='ltr'><strong>coactam</strong></span> 
     </span>
     <span class='ocr_line' id='line_1_24' title="bbox 260 2816 1105 2903; baseline 0.001 -20"><span class='ocrx_word' id='word_1_156' title='bbox 260 2817 462 2903; x_wconf 87' lang='lat' dir='ltr'><strong>Hesperiam.</strong></span> <span class='ocrx_word' id='word_1_157' title='bbox 510 2816 615 2902; x_wconf 89' lang='lat' dir='ltr'><strong>Major</strong></span> <span class='ocrx_word' id='word_1_158' title='bbox 629 2838 739 2882; x_wconf 89' lang='lat' dir='ltr'><strong>rerum</strong></span> <span class='ocrx_word' id='word_1_159' title='bbox 754 2817 835 2882; x_wconf 90' lang='lat' dir='ltr'><strong>mihi</strong></span> <span class='ocrx_word' id='word_1_160' title='bbox 850 2819 1105 2901; x_wconf 58' lang='lat' dir='ltr'><strong>nasciturorum</strong></span> 
     </span>
     <span class='ocr_line' id='line_1_25' title="bbox 261 2921 1324 3008; baseline 0.006 -23"><span class='ocrx_word' id='word_1_161' title='bbox 261 2921 368 3006; x_wconf 86' lang='lat' dir='ltr'><strong>Majus</strong></span> <span class='ocrx_word' id='word_1_162' title='bbox 383 2944 465 3008; x_wconf 88' lang='lat' dir='ltr'><strong>opus</strong></span> <span class='ocrx_word' id='word_1_163' title='bbox 480 2943 601 2988; x_wconf 89' lang='lat' dir='ltr'><strong>moveo.</strong></span> <span class='ocrx_word' id='word_1_164' title='bbox 649 2923 723 2988; x_wconf 86' lang='lat' dir='ltr'><strong>Rex</strong></span> <span class='ocrx_word' id='word_1_165' title='bbox 738 2944 815 2991; x_wconf 85' lang='lat' dir='ltr'><strong>arva</strong></span> <span class='ocrx_word' id='word_1_166' title='bbox 830 2923 972 2990; x_wconf 90' lang='lat' dir='ltr'><strong>Latinus</strong></span> <span class='ocrx_word' id='word_1_167' title='bbox 987 2932 1021 2989; x_wconf 91' lang='lat' dir='ltr'><strong>et</strong></span> <span class='ocrx_word' id='word_1_168' title='bbox 1037 2925 1132 2990; x_wconf 88' lang='lat' dir='ltr'><strong>nrbes</strong></span> <span class='ocrx_word' id='word_1_169' title='bbox 1280 2923 1324 2991; x_wconf 87' lang='grc'><strong>45</strong></span> 
     </span>
     <span class='ocr_line' id='line_1_26' title="bbox 260 3027 1038 3116; baseline 0.004 -25"><span class='ocrx_word' id='word_1_170' title='bbox 260 3027 283 3092; x_wconf 87' lang='lat' dir='ltr'><strong>J</strong></span> <span class='ocrx_word' id='word_1_171' title='bbox 286 3049 339 3091; x_wconf 90' lang='lat' dir='ltr'><strong>am</strong></span> <span class='ocrx_word' id='word_1_172' title='bbox 355 3028 460 3092; x_wconf 89' lang='lat' dir='ltr'><strong>senior</strong></span> <span class='ocrx_word' id='word_1_173' title='bbox 473 3028 572 3112; x_wconf 90' lang='lat' dir='ltr'><strong>longa</strong></span> <span class='ocrx_word' id='word_1_174' title='bbox 589 3028 734 3113; x_wconf 87' lang='lat' dir='ltr'><strong>placidas</strong></span> <span class='ocrx_word' id='word_1_175' title='bbox 749 3029 785 3093; x_wconf 91' lang='lat' dir='ltr'><strong>in</strong></span> <span class='ocrx_word' id='word_1_176' title='bbox 799 3050 879 3114; x_wconf 88' lang='lat' dir='ltr'><strong>paee</strong></span> <span class='ocrx_word' id='word_1_177' title='bbox 898 3029 1038 3116; x_wconf 87' lang='lat' dir='ltr'><strong>regebat.</strong></span> 
     </span>
     <span class='ocr_line' id='line_1_27' title="bbox 261 3131 1190 3218; baseline 0.003 -22"><span class='ocrx_word' id='word_1_178' title='bbox 261 3131 359 3197; x_wconf 88' lang='lat' dir='ltr'><strong>Hunc</strong></span> <span class='ocrx_word' id='word_1_179' title='bbox 375 3132 491 3197; x_wconf 83' lang='lat' dir='ltr'><strong>Fauno</strong></span> <span class='ocrx_word' id='word_1_180' title='bbox 508 3139 541 3197; x_wconf 92' lang='lat' dir='ltr'><strong>et</strong></span> <span class='ocrx_word' id='word_1_181' title='bbox 558 3134 703 3218; x_wconf 90' lang='lat' dir='ltr'><strong>nympha</strong></span> <span class='ocrx_word' id='word_1_182' title='bbox 718 3134 868 3218; x_wconf 84' lang='lat' dir='ltr'><strong>genitum</strong></span> <span class='ocrx_word' id='word_1_183' title='bbox 884 3134 1048 3200; x_wconf 84' lang='lat' dir='ltr'><strong>Laurente</strong></span> <span class='ocrx_word' id='word_1_184' title='bbox 1064 3134 1190 3200; x_wconf 89' lang='lat' dir='ltr'><strong>Marica</strong></span> 
     </span>
     <span class='ocr_line' id='line_1_28' title="bbox 260 3235 1163 3323; baseline 0.001 -22"><span class='ocrx_word' id='word_1_185' title='bbox 260 3236 472 3322; x_wconf 84' lang='lat' dir='ltr'><strong>Accipimus;</strong></span> <span class='ocrx_word' id='word_1_186' title='bbox 497 3235 614 3301; x_wconf 84' lang='lat' dir='ltr'><strong>Fauno</strong></span> <span class='ocrx_word' id='word_1_187' title='bbox 630 3236 730 3302; x_wconf 89' lang='lat' dir='ltr'><strong>Picus</strong></span> <span class='ocrx_word' id='word_1_188' title='bbox 745 3243 860 3323; x_wconf 81' lang='lat' dir='ltr'><strong>pater3</strong></span> <span class='ocrx_word' id='word_1_189' title='bbox 883 3237 976 3322; x_wconf 89' lang='lat' dir='ltr'><strong>isque</strong></span> <span class='ocrx_word' id='word_1_190' title='bbox 992 3243 1163 3323; x_wconf 91' lang='lat' dir='ltr'><strong>parentem</strong></span> 
     </span>
     <span class='ocr_line' id='line_1_29' title="bbox 261 3341 1165 3428; baseline 0.002 -21"><span class='ocrx_word' id='word_1_191' title='bbox 261 3342 320 3425; x_wconf 79' lang='lat' dir='ltr'><strong>Te,</strong></span> <span class='ocrx_word' id='word_1_192' title='bbox 339 3341 490 3425; x_wconf 72' lang='lat' dir='ltr'><strong>Sammo,</strong></span> <span class='ocrx_word' id='word_1_193' title='bbox 506 3341 603 3406; x_wconf 86' lang='lat' dir='ltr'><strong>refert</strong></span> <span class='ocrx_word' id='word_1_194' title='bbox 616 3362 625 3424; x_wconf 94' lang='lat'>;</span> <span class='ocrx_word' id='word_1_195' title='bbox 650 3350 690 3408; x_wconf 91' lang='lat' dir='ltr'><strong>tu</strong></span> <span class='ocrx_word' id='word_1_196' title='bbox 706 3342 874 3428; x_wconf 84' lang='lat' dir='ltr'><strong>sauguinis</strong></span> <span class='ocrx_word' id='word_1_197' title='bbox 889 3343 1028 3408; x_wconf 89' lang='lat' dir='ltr'><strong>ultimus</strong></span> <span class='ocrx_word' id='word_1_198' title='bbox 1043 3349 1165 3410; x_wconf 87' lang='lat' dir='ltr'><strong>auctor.</strong></span> 
     </span>
     <span class='ocr_line' id='line_1_30' title="bbox 260 3443 1326 3532; baseline 0.003 -24"><span class='ocrx_word' id='word_1_199' title='bbox 260 3445 366 3511; x_wconf 84' lang='lat' dir='ltr'><strong>Filius</strong></span> <span class='ocrx_word' id='word_1_200' title='bbox 381 3444 468 3529; x_wconf 88' lang='lat' dir='ltr'><strong>huic,</strong></span> <span class='ocrx_word' id='word_1_201' title='bbox 484 3443 553 3510; x_wconf 80' lang='lat' dir='ltr'><strong>fato</strong></span> <span class='ocrx_word' id='word_1_202' title='bbox 569 3445 692 3530; x_wconf 79' lang='lat' dir='ltr'><strong>divum,</strong></span> <span class='ocrx_word' id='word_1_203' title='bbox 709 3447 877 3532; x_wconf 87' lang='lat' dir='ltr'><strong>prolesque</strong></span> <span class='ocrx_word' id='word_1_204' title='bbox 893 3446 994 3512; x_wconf 86' lang='lat' dir='ltr'><strong>virilis</strong></span> <span class='ocrx_word' id='word_1_205' title='bbox 1283 3449 1326 3514; x_wconf 84' lang='lat'><strong>50</strong></span> 
     </span>
     <span class='ocr_line' id='line_1_31' title="bbox 260 3547 1112 3636; baseline 0.004 -24"><span class='ocrx_word' id='word_1_206' title='bbox 260 3547 364 3613; x_wconf 86' lang='lat' dir='ltr'><strong>Nulla</strong></span> <span class='ocrx_word' id='word_1_207' title='bbox 378 3547 454 3632; x_wconf 82' lang='lat' dir='ltr'><strong>fuit,</strong></span> <span class='ocrx_word' id='word_1_208' title='bbox 471 3548 641 3634; x_wconf 88' lang='lat' dir='ltr'><strong>primaque</strong></span> <span class='ocrx_word' id='word_1_209' title='bbox 657 3549 761 3615; x_wconf 91' lang='lat' dir='ltr'><strong>oriens</strong></span> <span class='ocrx_word' id='word_1_210' title='bbox 777 3557 889 3636; x_wconf 88' lang='lat' dir='ltr'><strong>erepta</strong></span> <span class='ocrx_word' id='word_1_211' title='bbox 899 3550 1037 3635; x_wconf 86' lang='lat' dir='ltr'><strong>juventa</strong></span> <span class='ocrx_word' id='word_1_212' title='bbox 1053 3557 1112 3616; x_wconf 89' lang='lat' dir='ltr'><strong>est.</strong></span> 
     </span>
     <span class='ocr_line' id='line_1_32' title="bbox 262 3651 1031 3738; baseline 0.003 -20"><span class='ocrx_word' id='word_1_213' title='bbox 262 3651 338 3718; x_wconf 84' lang='lat' dir='ltr'><strong>Sola</strong></span> <span class='ocrx_word' id='word_1_214' title='bbox 353 3652 488 3717; x_wconf 91' lang='lat' dir='ltr'><strong>domum</strong></span> <span class='ocrx_word' id='word_1_215' title='bbox 503 3660 537 3717; x_wconf 92' lang='lat' dir='ltr'><strong>et</strong></span> <span class='ocrx_word' id='word_1_216' title='bbox 552 3659 664 3718; x_wconf 89' lang='lat' dir='ltr'><strong>tantas</strong></span> <span class='ocrx_word' id='word_1_217' title='bbox 680 3654 913 3718; x_wconf 86' lang='lat' dir='ltr'><strong>servabat&#39;filia</strong></span> <span class='ocrx_word' id='word_1_218' title='bbox 929 3655 1031 3738; x_wconf 90' lang='lat' dir='ltr'><strong>sedes,</strong></span> 
     </span>
     <span class='ocr_line' id='line_1_33' title="bbox 261 3756 1042 3843; baseline 0.004 -21"><span class='ocrx_word' id='word_1_219' title='bbox 261 3757 285 3822; x_wconf 87' lang='lat' dir='ltr'><strong>J</strong></span> <span class='ocrx_word' id='word_1_220' title='bbox 287 3778 341 3821; x_wconf 91' lang='lat' dir='ltr'><strong>am</strong></span> <span class='ocrx_word' id='word_1_221' title='bbox 357 3763 487 3821; x_wconf 87' lang='lat' dir='ltr'><strong>matura</strong></span> <span class='ocrx_word' id='word_1_222' title='bbox 503 3756 582 3842; x_wconf 85' lang='lat' dir='ltr'><strong>viro,</strong></span> <span class='ocrx_word' id='word_1_223' title='bbox 594 3756 666 3842; x_wconf 89' lang='lat' dir='ltr'><strong>jam</strong></span> <span class='ocrx_word' id='word_1_224' title='bbox 681 3758 785 3843; x_wconf 90' lang='lat' dir='ltr'><strong>plenis</strong></span> <span class='ocrx_word' id='word_1_225' title='bbox 801 3759 923 3824; x_wconf 83' lang='lat' dir='ltr'><strong>nubilis</strong></span> <span class='ocrx_word' id='word_1_226' title='bbox 938 3759 1042 3826; x_wconf 90' lang='lat' dir='ltr'><strong>annis.</strong></span> 
     </span>
     <span class='ocr_line' id='line_1_34' title="bbox 261 3862 1078 3951; baseline 0.005 -25"><span class='ocrx_word' id='word_1_227' title='bbox 261 3862 364 3928; x_wconf 89' lang='lat' dir='ltr'><strong>Multi</strong></span> <span class='ocrx_word' id='word_1_228' title='bbox 379 3862 474 3927; x_wconf 90' lang='lat' dir='ltr'><strong>illam</strong></span> <span class='ocrx_word' id='word_1_229' title='bbox 488 3883 607 3948; x_wconf 80' lang='lat' dir='ltr'><strong>magno</strong></span> <span class='ocrx_word' id='word_1_230' title='bbox 623 3885 640 3929; x_wconf 94' lang='lat' dir='ltr'><strong>e</strong></span> <span class='ocrx_word' id='word_1_231' title='bbox 656 3864 754 3930; x_wconf 84' lang='lat' dir='ltr'><strong>Latio</strong></span> <span class='ocrx_word' id='word_1_232' title='bbox 770 3873 905 3950; x_wconf 90' lang='lat' dir='ltr'><strong>totaque</strong></span> <span class='ocrx_word' id='word_1_233' title='bbox 921 3865 1078 3951; x_wconf 89' lang='lat' dir='ltr'><strong>petebant</strong></span> 
     </span>
     <span class='ocr_line' id='line_1_35' title="bbox 263 3965 1324 4053; baseline 0.008 -25"><span class='ocrx_word' id='word_1_234' title='bbox 263 3966 427 4047; x_wconf 81' lang='lat' dir='ltr'><strong>Ausonia3</strong></span> <span class='ocrx_word' id='word_1_235' title='bbox 450 3965 535 4049; x_wconf 92' lang='lat' dir='ltr'><strong>petit</strong></span> <span class='ocrx_word' id='word_1_236' title='bbox 550 3974 626 4030; x_wconf 91' lang='lat' dir='ltr'><strong>ante</strong></span> <span class='ocrx_word' id='word_1_237' title='bbox 642 3967 722 4033; x_wconf 90' lang='lat' dir='ltr'><strong>alios</strong></span> <span class='ocrx_word' id='word_1_238' title='bbox 737 3968 974 4053; x_wconf 88' lang='lat' dir='ltr'><strong>pulcherrimus</strong></span> <span class='ocrx_word' id='word_1_239' title='bbox 989 3989 1099 4034; x_wconf 90' lang='lat' dir='ltr'><strong>omnes</strong></span> <span class='ocrx_word' id='word_1_240' title='bbox 1283 3972 1324 4037; x_wconf 82' lang='lat'><strong>55</strong></span> 
     </span>
    </p>
   </div>
   <div class='ocr_carea' id='block_1_5' title="bbox 0 0 1460 4518">
    <p class='ocr_par' dir='ltr' id='par_1_12' title="bbox 0 0 1460 4518">
     <span class='ocr_line' id='line_1_36' title="bbox 0 0 1460 4518; baseline 0 0"><span class='ocrx_word' id='word_1_241' title='bbox 0 0 1460 4518; x_wconf 95' lang='lat' dir='ltr'><strong> </strong></span> 
     </span>
    </p>
   </div>
  </div>
 </body>
</html>
