2838 4522
477 267 648 314 Arsames
671 268 736 316 nra.
762 267 797 316 11.
1122 249 1164 315 39

101 423 285 490 Labentem
300 426 407 512 pietas
422 447 483 492 nec
500 426 663 512 Apollinis
677 427 782 492 infula
797 425 891 493 texit.
1099 423 1166 490 430

100 532 197 597 Iliaci
213 531 335 598 cineres
351 545 385 598 et
400 532 537 598 flamma
551 541 698 598 extrema
714 555 872 617 meorum,

102 637 232 722 Testor,
249 637 285 702 in
302 659 418 704 occasu
433 645 541 703 vestro
557 661 616 703 nec
633 640 700 704 tela
715 661 774 704 nec
791 641 875 704 ullas

101 743 271 808 Vitavisse
287 744 371 808 vices
387 743 553 827 Danaum,
570 752 613 828 et,
632 735 662 810 si
673 745 743 808 fata
759 735 907 828 fuissent,

102 847 156 913 Ut
173 847 504 930 caderemfmeruissc
520 869 630 914 manu.
680 847 876 912 Divellimur
890 848 985 913 inde:

102 953 240 1036 Iphitus
256 960 290 1016 et
308 951 417 1016 Pelias
432 973 573 1036 mecum,
592 975 729 1037 quorum
745 953 878 1039 Iphitus
893 973 972 1017 aevo
1099 951 1165 1018 435

102 1057 127 1122 J
128 1079 183 1120 am
199 1057 337 1142 gravior,
355 1057 463 1122 Pelias
480 1065 514 1122 et
530 1058 662 1122 vulnere
678 1059 793 1122 tardus
811 1057 928 1140 Ulixi3

104 1162 262 1227 Protinus
278 1163 320 1226 ad
336 1163 427 1227 sedes
441 1161 566 1229 Priami
581 1164 720 1227 clamore
736 1162 853 1227 vocati.

173 1268 239 1332 Hic
255 1289 329 1332 vero
344 1267 513 1352 ingentem
528 1289 683 1353 pugnam,
701 1289 761 1332 ceu
776 1274 885 1332 cetera
900 1287 1063 1351 nusquam

106 1373 201 1438 Bella
216 1360 335 1456 forent,
351 1373 436 1438 nulli
451 1380 523 1438 tota
537 1369 739 1438 morerentul
753 1373 788 1437 in
804 1373 893 1456 urbe,

106 1481 159 1546 Sic
178 1479 320 1543 Martem
335 1478 534 1544 indomitum
550 1477 745 1562 Danaesque
762 1479 804 1543 ad
820 1485 909 1542 tecta
924 1485 1055 1542 ruentes
1101 1475 1167 1541 440

106 1578 288 1669 CernimuS,
306 1585 535 1669 obsessumque
551 1592 626 1649 acta
641 1584 807 1676 testudine
823 1585 950 1663 limen„

106 1688 449 1788 Haerent.'parietibus
465 1685 581 1772 scalae,
598 1697 771 1774 postesque
787 1691 848 1754 sub
863 1689 950 1774 ipsos

105 1797 273 1862 Nituntur
287 1792 450 1881 graditur,
467 1795 707 1884 clipeosquo'ad
724 1796 789 1859 tela
805 1794 945 1860 sinistris

107 1893 254 1966 Proteoti
269 1900 438 1986 objiciunt,
445 1898 450 1902 ’
455 1909 611 1986 prensant
626 1900 757 1985 fastigia
770 1891 904 1966 ilextris.

108 2005 319 2071 Dardanidae
334 2011 410 2073 cont
412 2027 446 2070 ra
461 2013 565 2070 turres
582 2027 619 2070 ac
635 2013 726 2070 tecta
742 2005 912 2069 domorum
1101 2003 1167 2071 445

108 2109 263 2191 Crimina
280 2106 486 2175 convellunt:
512 2108 564 2174 his
570 2131 623 2200 se,
642 2109 773 2207 quando
788 2107 850 2172 ult
826 2115 909 2172 trma
924 2115 1074 2191 cernunt,

107 2214 291 2279 Extrema
278 2235 349 2298 Jam
364 2213 399 2278 in
414 2221 501 2278 mort
503 2235 519 2278 e
535 2203 654 2315 parant
669 2207 851 2279 defendere
859 2193 944 2295 telis,

107 2307 317 2407 duratusque
333 2319 452 2404 trabes,
470 2307 618 2387 veterum
633 2317 748 2384 decora
764 2319 833 2383 alta
848 2324 964 2403 parent
962 2338 1034 2402 um,

109 2428 319 2508 Devolvunt;
344 2424 401 2492 alii
417 2427 541 2491 strictis
551 2425 863 2494 ‘mucronibusimas

108 2526 269 2598 Obsedere
283 2478 387 2618 feles.
413 2531 473 2596 has
490 2537 620 2598 servant
637 2529 765 2615 agmine
782 2530 889 2595 denso.
1077 2527 1169 2626 ‚450

108 2621 288 2701 instaurat
264 2645 291 2700 tr
306 2628 407 2700 animi
408 2637 518 2724 ,regis
535 2656 716 2726 suqcurrere
734 2635 841 2718 tectis,

109 2721 309 2837 Auxilioque
323 2741 429 2805 levare
445 2741 538 2824 viros,
557 2741 687 2822 vimque
703 2740 866 2804 addere
836 2740 933 2806 vrotis

108 2847 223 2911 Limen
240 2854 310 2912 erat
326 2867 503 2931 caecaeque
519 2846 603 2912 fores
619 2853 654 2910 et
669 2846 798 2931 pervius
813 2868 892 2911 usus

109 2951 288 3016 Tectorum
303 2951 390 3015 inter
405 2973 438 3015 se
455 2950 590 3034 Priami,
609 2959 682 3035 post
684 2970 780 3034 esque
797 2949 901 3014 relicti

108 3056 140 3120 A
157 3065 260 3142 tergo,
276 3057 392 3120 infelix
407 3077 471 3140 qua
488 3078 530 3136 sc,
549 3057 629 3121 dum
645 3077 742 3140 regna
758 3055 945 3139 manebant,
1104 3053 1170 3122 455

110 3162 245 3248 Saepius
262 3163 489 3227 Andromache
504 3163 585 3226 ferre
600 3161 794 3227 incomitata
810 3161 933 3226 solebat

108 3267 163 3332 Ad
180 3253 313 3351 soceros,
331 3275 365 3332 ct
380 3253 440 3332 auo
455 3283 593 3352 puerum
609 3266 815 3350 Astyanacta
832 3264 991 3330 trahebat.

108 3372 222 3437 Evado
238 3371 414 3436 adsummi
428 3371 739 3458 fastigiaculminiS,
757 3371 844 3434 unde

109 3477 189 3542 Tela
205 3497 309 3542 manu
324 3475 433 3541 miseri
443 3476 616 3560 jactabant
632 3475 723 3540 irrita
740 3473 865 3540 Teucri.

109 3581 250 3664 Turrim,
267 3580 303 3643 in
319 3580 487 3665 praecipiti
505 3587 649 3644 stantem
666 3579 865 3662 summisque
882 3580 942 3644 sub
959 3587 1047 3644 astra
1104 3578 1171 3646 460

108 3685 276 3752 Eductam
292 3683 400 3767 tectis,
417 3685 504 3748 unde
520 3684 624 3748 omnis
640 3682 738 3768 Troja
753 3683 855 3748 videri

107 3789 152 3856 Et
169 3791 329 3856 Danaum
345 3787 459 3853 solitae
474 3807 571 3874 naves
587 3795 620 3852 et
636 3787 782 3853 Achaica
797 3795 914 3884 castra,

105 3895 263 3985 Aggressi
279 3895 363 3958 ferro
379 3893 511 3976 circum,
529 3914 595 3978 qua
611 3915 740 3959 summa
754 3893 905 3958 labantes
