2838 4522
453 323 624 372 AENEIDOS
647 325 712 373 LlB.
738 324 785 374 1v.

84 484 368 572 Spumantemque
383 484 456 550 dari
470 505 586 570 pecora
600 483 687 549 inter
701 483 818 548 inertia
832 483 919 552 votis

85 591 193 678 Optat
209 612 339 677 aprum,
357 597 419 654 aut
433 589 563 654 fulvum
579 589 770 655 descendere
786 597 896 655 monte
911 590 1047 657 leonem.

85 696 218 761 Interea
234 717 353 782 magno
369 695 498 760 misceri
513 715 679 759 murmure
694 693 821 760 coelum
1084 695 1149 762 160
1256 705 1260 716 ’

85 800 229 885 Incipit3
254 799 440 884 insequitur
455 799 633 865 commixta
648 797 805 883 grandine
820 798 970 867 nimbus:

85 906 132 970 Et
149 905 241 989 Tyrii
256 904 393 970 comites
410 903 532 990 passim
547 911 581 968 et
598 901 740 988 Trojana
751 902 911 988 juventus

87 1011 339 1095 Dardaniusque
355 1031 455 1096 nepos
471 1009 607 1076 Veneris
623 1009 748 1074 diversa
763 1031 822 1094 per
836 1032 930 1096 agros

87 1116 193 1181 Tecta
208 1122 302 1180 metu
315 1113 437 1200 petiere
451 1135 461 1197 ;
486 1121 588 1179 ruunt
603 1115 644 1179 de
659 1114 827 1180 montibus
842 1136 963 1182 amnes.

88 1220 288 1306 Speluncam
305 1218 391 1284 Dido
406 1220 476 1284 dux
487 1227 521 1283 et
537 1205 698 1303 Trojanus
714 1220 863 1284 eamdem
1087 1220 1151 1288 165

88 1325 289 1391 Deveniunt.
339 1323 452 1390 Prima
467 1330 500 1388 et
518 1323 630 1388 Tellus
646 1330 680 1394 et
696 1324 845 1410 pronuba
860 1323 885 1389 J
887 1346 952 1390 uno

88 1430 183 1494 Dant
198 1429 329 1515 signum
343 1449 353 1511 3
376 1427 495 1493 fulsere
510 1427 602 1512 ignes
619 1436 652 1492 et
669 1427 816 1494 conscius
831 1429 944 1494 aether

88 1534 277 1619 Oonnubiis,
294 1554 485 1618 summoque
502 1533 673 1598 ulularunt
689 1532 809 1598 vertice
826 1532 1012 1620 Nymphae.

87 1639 150 1704 Ille
167 1638 236 1703 dies
250 1638 375 1722 primus
390 1637 450 1702 leti
465 1636 653 1722 primusque
668 1637 828 1702 malorum

89 1744 199 1811 Causa
213 1744 302 1811 fuit:
326 1764 432 1828 neque
448 1742 536 1808 enim
550 1742 657 1828 specie
671 1742 800 1810 famave
816 1751 978 1830 moretm,
1088 1741 1153 1812 170

88 1849 160 1914 Nec
172 1849 244 1934 jam
258 1847 419 1913 furtivum
437 1847 522 1913 Dido
538 1848 720 1912 meditatur
735 1869 878 1916 amorem
893 1870 902 1932 ;

89 1953 288 2041 Oonjugium
303 1961 417 2020 vocat:
446 1953 506 2019 boc
522 1953 685 2040 praetexit
701 1953 832 2020 nomine
847 1957 988 2042 culpam.

157 2059 336 2145 Extemplo
351 2057 474 2143 Libyae
489 2079 627 2144 magnas
642 2058 670 2123 it
685 2058 792 2124 Fama
808 2081 867 2145 per
880 2061 988 2145 urbes,
1033 2085 1041 2100 ·

88 2163 198 2228 Fama
213 2163 349 2247 malum,
366 2183 433 2247 qua
443 2183 513 2228 non
529 2162 622 2227 aliud
638 2162 776 2227 velocius
791 2163 898 2228 ullum

89 2269 279 2336 Mobilitate
294 2268 392 2355 viget,
408 2259 555 2354 viresque
571 2267 710 2353 acquirit
726 2270 851 2335 eundo:
1090 2265 1154 2337 175

90 2376 199 2440 Parva
214 2381 308 2439 metu
322 2372 438 2459 primo,
454 2394 533 2438 mox
548 2393 615 2438 sese
632 2372 758 2438 attollit
773 2373 808 2438 in
823 2395 929 2459 auras,

90 2478 344 2566 Ingrediturquo
360 2477 426 2542 solo
442 2484 475 2542 et
491 2484 594 2562 caput
608 2476 696 2542 inter
710 2477 825 2542 nubila
840 2479 959 2546 condit.

90 2585 190 2649 Illam
207 2582 310 2647 Terra
324 2581 515 2668 parens,·ira
530 2580 659 2646 irritata
674 2582 819 2667 deorum,

90 2688 297 2772 Extremam,
313 2695 353 2752 ut
368 2686 551 2772 perhibent,
570 2684 654 2751 0000
670 2685 898 2774 Enceladoque
915 2711 1055 2756 sororem

91 2793 271 2880 Progenuit
287 2792 423 2878 pedibus
439 2791 577 2856 celerem
593 2798 626 2855 et
641 2791 827 2877 pernicibus
842 2793 912 2878 ebs,
1089 2799 1154 2864 180

91 2901 279 2966 Monstrum
295 2898 498 2981 horrendum,
515 2896 640 2982 ingens,
658 2895 722 2981 cui,
740 2905 819 2983 quot
835 2906 912 2964 sunt
935 2922 1064 2988 corpore
1079 2903 1154 2988 plu-

91 3006 156 3071 ’.101
172 3004 288 3090 vigiles
303 3003 389 3069 oculi
404 3001 683 3068 subter-mirabile
698 3001 818 3088 dictu,
911 3049 912 3054 κ
1055 3004 1152 3095 [mae,

91 3111 156 3176 Tot
172 3109 317 3195 linguae,
333 3107 473 3174 totidem
488 3129 543 3172 ora
558 3113 685 3193 sonant,
702 3115 753 3173 tot
770 3108 908 3196 subrigit
924 3131 1026 3178 aures.

89 3216 123 3281 N
124 3224 198 3282 octe
213 3214 303 3279 volat
319 3213 400 3279 coeli
414 3213 521 3278 medio
537 3221 706 3298 terraeque
722 3233 779 3299 per
793 3215 945 3279 umbram

91 3321 254 3404 Stridens,
271 3341 330 3384 000
347 3318 435 3384 dulci
450 3317 595 3383 declinat
610 3317 738 3382 lumina
752 3339 885 3402 somn03
1089 3323 1154 3391 185

90 3427 181 3492 Luce
197 3425 289 3490 sedet
304 3431 413 3488 custos
428 3431 488 3488 aut
504 3422 626 3488 summi
641 3421 784 3488 culmine
801 3421 892 3506 tecti,

92 3531 251 3597 Turribus
267 3536 327 3594 aut
342 3528 428 3612 altis,
445 3535 479 3593 et
494 3549 630 3613 magnas
646 3527 777 3592 territat
791 3527 897 3611 urbes,

92 3638 177 3702 Tam
192 3634 266 3701 ficti
280 3633 436 3720 pravique
452 3641 553 3699 tenax
563 3635 669 3718 'quam
684 3632 803 3698 nuntia
818 3633 894 3702 veri.

92 3743 182 3809 Haec
198 3748 277 3806 tum
292 3737 471 3824 multiplici
486 3739 623 3824 populos
639 3759 784 3804 sermono
800 3741 946 3825 replebat

91 3849 261 3931 Gaudens,
277 3851 312 3910 et
328 3844 448 3930 pariter
462 3845 552 3910 facta
566 3849 667 3929 atque
683 3843 804 3910 infecta
820 3846 984 3913 canebat:
1092 3853 1157 3918 190

90 3954 230 4020 Venisse
247 3948 395 4032 Aenean,
412 3946 552 4034 Trojano
568 3945 726 4034 sauguine
742 3956 879 4035 cretum,
