2898 4518
484 299 658 346 AENEIDOS
682 299 745 344 ΜΒ.
771 296 816 344 VI.

121 462 267 550 Corpora
282 469 460 526 natorum:
488 467 556 524 stat
572 459 681 524 ductis
698 455 838 522 sortibus
852 477 943 523 urna.

122 568 248 634 Contra
263 568 350 632 elata
365 565 449 630 mari
464 565 636 649 respondet
654 563 777 628 Cnosia
794 563 910 628 tellus:

125 673 187 738 Hic
205 673 346 739 crudelis
362 693 453 736 amor
469 669 565 754 tauri,
583 676 806 755 suppostaque
822 670 912 733 furto

123 777 303 864 Pasiphae,
321 777 530 860 mixtumque
546 796 647 860 genus
663 774 834 860 prolesque
850 773 1010 857 biformis,
1147 773 1190 838 25

124 881 346 965 Minotaurus,
363 881 461 965 inest,
479 877 614 944 Veneris
629 884 846 942 monumenta
862 877 1021 942 nefandae
1035 897 1044 959 ;

46 1066 48 1070 ι
124 987 188 1052 Hic
207 988 300 1052 labor
314 987 369 1050 ille
384 986 511 1068 domus,
528 993 561 1048 et
576 982 810 1048 inextricabilis
826 1004 911 1046 error
924 1002 932 1063 ;

124 1093 290 1178 Magnum
306 1091 434 1177 reginae
451 1091 507 1156 sed
522 1089 609 1154 enim
624 1088 798 1154 miseratus
813 1108 957 1152 amorem

128 1197 307 1281 Daedalus,
324 1197 393 1282 ipse
408 1197 499 1261 dolos
513 1195 596 1260 tecti
610 1195 828 1280 ambagesque
845 1192 986 1277 resolvit,

126 1305 235 1370 Caeca
250 1325 363 1390 regens
378 1303 435 1368 filo
451 1301 597 1388 vestigia.
645 1301 698 1366 Tu
713 1322 842 1386 quoque
857 1321 1011 1386 magnam
1148 1299 1191 1362 30

125 1411 265 1494 Partem
281 1431 375 1495 opere
391 1407 430 1472 in
442 1416 546 1492 tant0,
563 1407 683 1473 sineret
699 1397 798 1490 dolor,
816 1406 918 1490 Icare,
935 1406 1090 1471 haberes:

125 1516 185 1582 Bis
203 1522 340 1580 conatus
352 1522 422 1578 erat
438 1535 531 1578 casus
547 1511 699 1598 effingere
714 1511 750 1576 in
765 1533 865 1594 auro,
925 1563 936 1593 ,

125 1622 185 1687 Bis
202 1621 329 1706 patriae
346 1620 485 1684 cecidere
501 1641 627 1684 manus.
676 1619 763 1700 Quin
778 1627 933 1704 protenus
949 1616 1057 1682 omnia

124 1727 337 1813 Perlegerent
354 1725 466 1809 oculis,
483 1725 518 1789 ni
529 1724 600 1810 jam
615 1723 810 1810 praemissus
826 1723 973 1789 Achates

123 1831 265 1914 Afforet,
282 1838 382 1914 atque
397 1851 464 1894 una
481 1829 605 1893 Phoebi
622 1827 815 1924 ,Triviaeque
832 1828 990 1910 sacerdos,

124 1937 299 2022 Deiphobe
316 1935 446 2019 Clausi,
462 1935 552 1999 fatur
568 1955 650 2019 quae
666 1933 746 1998 talia
763 1933 849 2018 regi:

124 2041 240 2106 “Non
255 2040 315 2104 hcc
331 2039 396 2104 ista
412 2039 474 2104 sibi
490 2046 623 2124 tempus
639 2038 827 2124 spectacula
843 2036 967 2122 poscit;

125 2145 263 2210 “Nunc
279 2166 375 2231 grege
392 2145 432 2210 de
446 2143 574 2208 intacto
591 2151 718 2229 septem
733 2151 878 2206 mactare
890 2141 1046 2226 juvencos

127 2249 149 2283 “
163 2247 381 2331 Praestiterit,
399 2247 539 2312 totidem
555 2247 657 2312 lectas
672 2249 712 2312 de
729 2268 816 2311 more
831 2245 1011 2312 bidentes.”

198 2353 333 2418 Talibus
348 2353 450 2420 affata
466 2353 676 2430 Aenean-nec
694 2375 784 2418 sacra
800 2358 969 2416 morantur
1149 2347 1193 2412 40

126 2460 151 2526 J
153 2480 232 2524 ussa
249 2457 464 2538 viri-Teucros
478 2465 574 2522 vocat
591 2457 660 2522 alta
675 2457 710 2522 in
726 2457 851 2542 templa
868 2456 1024 2540 sacerdos,

129 2561 289 2628 Excisum
303 2553 469 2627 Euboicae
484 2562 573 2627 latus
588 2562 702 2648 ingens
719 2561 807 2647 rupis
822 2562 856 2625 in
873 2569 1026 2627 antrum:
1146 2629 1149 2634 ,
1230 2577 1235 2586 ’

132 2668 206 2748 Quo
221 2666 283 2731 lati
296 2667 422 2731 ducunt
438 2667 548 2732 aditus
564 2675 707 2750 centum,
726 2667 809 2731 ostia
825 2675 957 2732 centum
974 2689 982 2748 ;

131 2771 233 2837 Unde
249 2778 348 2835 ruunt
363 2770 502 2836 totidem
516 2793 619 2855 voces,
633 2793 783 2856 responsa
801 2772 949 2856 Sibyllae.

130 2875 282 2938 Ventum
297 2881 365 2939 erat
380 2875 423 2939 ad
437 2874 550 2959 limen,
568 2896 670 2960 quum
686 2876 775 2960 virgo
793 2875 961 2941 “Poscere
977 2875 1047 2940 fata
1148 2873 1193 2940 45

132 2979 154 3012 “
169 2979 315 3063 Tempus
325 2981 344 3008 '’
361 2979 426 3046 ait:
454 2979 474 3011 “
486 2981 577 3063 deus,
595 3001 678 3064 ecce,
695 2981 775 3045 deus
788 2986 795 3047 1
809 2983 827 3010 ''
876 2981 950 3065 Cui,
968 2962 1051 3045 talia
1064 2980 1150 3044 fanti
1183 2977 1185 2982 ’

131 3085 224 3150 Ante
239 3085 330 3168 fores,
349 3085 457 3150 subito
473 3107 537 3149 non
553 3085 676 3169 vultus,
693 3108 759 3151 non
774 3087 859 3152 color
874 3109 970 3170 unus,

131 3189 166 3254 N
168 3210 210 3252 on
227 3195 353 3253 comtae
368 3210 514 3253 mansere
530 3211 640 3254 comae
654 3211 662 3271 ;
688 3191 744 3256 sed
760 3201 875 3275 pectus
892 3191 1058 3273 anhelum,

131 3293 180 3359 Et
196 3293 284 3359 rabie
299 3293 367 3358 fera
383 3295 479 3360 corda
494 3301 637 3379 tument,
655 3295 820 3381 majorque
836 3295 948 3380 videri,

132 3397 205 3462 Nec
221 3397 359 3461 mortale
375 3419 513 3464 sonans:
539 3397 651 3462 afflata
668 3407 717 3464 est
733 3400 866 3464 numine
881 3400 1013 3485 quaudo
1152 3401 1194 3465 50

131 3503 156 3568 J
159 3524 213 3567 am
229 3502 391 3588 propriore
407 3503 468 3568 dei.
517 3501 665 3569 “Cessas
679 3503 714 3568 in
730 3513 807 3568 vcta
823 3525 1006 3590 precesque,

132 3606 155 3656 ‘-‘
171 3605 252 3670 Tros
264 3607 283 3636 ”
300 3605 348 3670 ait
365 3605 385 3638 “
398 3605 539 3672 Aenea?
565 3609 699 3678 cessas?
724 3627 828 3692 neque
841 3607 926 3673 enim
939 3617 1016 3674 ante
1028 3609 1195 3673 dehiscent

134 3709 346 3776 “Attonitae
361 3731 481 3795 magna
497 3731 551 3784 ora
567 3711 684 3777 domus
695 3714 732 3794 ;''
756 3719 790 3776 et
805 3712 887 3777 talia
902 3713 973 3778 fata

134 3814 316 3881 Conticuit.
364 3813 501 3880 Gelidus
518 3814 653 3880 Teucris
669 3838 726 3902 per
741 3816 823 3882 dura
838 3819 979 3884 cucurrit

133 3918 218 3986 Ossa
233 3924 366 4001 tremor,
382 3917 557 4001 funditque
573 3940 682 4003 preces
699 3941 755 3986 rex
770 3930 900 4006 pectore
915 3923 957 3988 ab
971 3923 1036 3986 imo
1051 3943 1058 3986 :
1151 3919 1194 3985 55

356 4020 374 4078 6
1062 4041 1070 4054 .
