2944 4522
253 303 320 370 206
609 318 781 366 snnnrnos
802 319 868 367 mn.
893 318 939 366 rx.

255 480 409 545 Pervenit
424 501 461 544 ac
477 479 567 545 videt
582 478 775 564 Euryalum,
789 498 886 562 quem
897 476 969 562 jam
985 497 1102 542 manus
1118 475 1221 540 omnis

183 637 197 654 .
254 585 384 650 Fraude
399 585 462 650 loci
477 593 510 650 et
524 585 640 668 noctis,
661 583 768 649 subito
784 583 940 648 turbante
956 584 1116 666 tumultu,

254 689 454 774 Oppressum
469 689 556 775 rapit
572 697 606 754 et
622 695 795 754 conantem
810 687 952 773 plurima
966 687 1093 752 frustra.

255 795 341 876 Quid
355 795 483 860 faciat?
510 816 574 878 qua
589 794 623 858 vi
634 793 798 878 juvenem,
815 792 933 877 quibus
949 793 1070 857 audeat
1086 793 1184 858 armis

255 899 415 984 Eripere?
441 920 485 962 an
500 919 567 963 sese
583 897 707 962 medios
722 897 900 962 moriturus
915 897 950 961 in
965 897 1074 962 hostes
1244 897 1311 961 400

254 1003 392 1088 Inferet,
410 1011 444 1068 et
459 1003 632 1089 pulchram
648 1009 799 1088 properet
815 1022 874 1086 per
887 1002 1023 1066 vulnera
1038 1004 1202 1066 mortem?

254 1109 353 1176 Ocius
368 1110 510 1174 adducto
526 1116 680 1193 torquens
694 1107 812 1172 hastile
828 1107 958 1190 lacert0,

255 1213 442 1300 Suspiciens
456 1215 562 1278 altam
577 1213 619 1278 ad
635 1212 776 1296 Lunam,
794 1212 839 1277 sic
855 1233 931 1277 voce
948 1219 1118 1298 precatur:

255 1317 277 1352 “
290 1319 353 1402 Tu,
370 1319 441 1404 dea,
458 1327 498 1384 tu
513 1339 662 1404 praesens
677 1325 786 1383 nostro
802 1339 951 1382 succurre
966 1317 1077 1400 labori,

255 1423 276 1456 “
289 1424 464 1489 Astrorum
478 1425 577 1489 decus
593 1430 626 1488 ct
641 1443 809 1488 nemorum
825 1423 967 1487 Latonia
983 1428 1109 1489 custos!
1246 1420 1313 1488 405

257 1528 278 1560 “
294 1528 329 1594 Si
345 1549 410 1612 qna
425 1527 492 1593 tuis
507 1547 666 1611 umquam
681 1547 805 1611 prome
821 1533 915 1610 pater
930 1525 1095 1611 Hyrtacus
1110 1525 1173 1591 aris

255 1631 276 1664 “
288 1631 385 1696 Dona
400 1631 491 1715 tulit,
508 1631 536 1696 si
550 1651 616 1715 qua
630 1630 700 1714 ipse
715 1629 797 1694 meis
812 1629 985 1695 uenatibus
1001 1629 1090 1714 auxi,

256 1735 278 1769 “
292 1735 493 1821 Suspendive
509 1735 609 1819 tholo,
627 1741 686 1799 aut
702 1755 792 1799 sacra
808 1734 851 1798 ad
865 1733 999 1820 fastigia
1013 1733 1090 1815 fixi3

256 1838 391 1904 “Hunc
408 1839 475 1905 sine
491 1859 543 1904 me
558 1839 689 1904 turbare
705 1839 849 1924 globum,
863 1845 897 1902 et
912 1859 987 1923 rege
1002 1838 1068 1902 tela
1084 1859 1140 1923 per
1154 1858 1250 1902 auras
1262 1842 1269 1904 Ι
1283 1839 1302 1865 ”

256 1945 403 2028 Dixerat,
420 1952 453 2009 et
469 1951 540 2009 toto
556 1944 714 2009 connixus
730 1965 858 2029 corpore
873 1943 995 2007 ferrum
1046 1963 1054 1975 ·
1243 1941 1311 2006 410

256 2049 407 2135 Oonjioit.
455 2048 563 2114 Hasta
578 2049 690 2114 volans
705 2049 810 2113 noctis
826 2047 1008 2112 diverberat
1024 2045 1169 2130 umbras,

256 2154 301 2218 Et
316 2155 407 2219 venit
422 2154 527 2219 aversi
541 2153 576 2218 in
593 2161 721 2239 tergum
739 2153 917 2236 Sulmonis,
933 2153 1046 2236 ibique

256 2259 434 2346 Frangitur
449 2281 488 2324 ac
503 2246 576 2324 fisso
593 2259 711 2324 transit
726 2259 911 2344 praecordia
926 2257 1023 2344 ligno.

258 2364 410 2429 Volvitur
424 2365 478 2428 ille
495 2385 628 2430 vomens
643 2364 786 2428 calidum
801 2363 841 2428 de
856 2369 985 2448 pectore
1000 2363 1123 2428 flumen

239 2484 241 2491 '
257 2469 420 2554 Frigidus,
438 2477 471 2533 et
486 2469 590 2555 longis
607 2469 804 2554 singultibus
818 2468 875 2532 ilia
891 2468 1010 2554 pulsat.
1207 2509 1211 2519 ·
1250 2465 1318 2533 415

258 2575 387 2640 Diversi
404 2575 690 2661 circumspiciunt:
716 2575 775 2640 hoc
792 2574 891 2640 acrior
905 2573 994 2640 idem

256 2679 341 2742 Ecce
357 2679 446 2742 aliud
462 2701 589 2744 summa
605 2679 710 2744 telum
724 2679 867 2744 librabat
883 2679 925 2744 ab
940 2701 1025 2746 aure.

243 2771 349 2848 ‘Dum
365 2783 542 2868 trepidant,
559 2784 599 2848 iit
614 2784 709 2849 basta
726 2784 818 2870 Tago
834 2806 891 2869 per
905 2792 1037 2870 tempus
1053 2791 1242 2868 utrumque,

259 2887 417 2972 Stridens,
434 2888 637 2974 trajectoque
653 2889 760 2954 haesit
775 2891 939 2975 tepefacta
955 2891 1092 2956 cerebro.

259 2993 369 3059 Saevit
384 3001 478 3059 atrox
494 2993 664 3079 Volscens,
681 3016 740 3060 nec
758 2996 816 3060 teli
832 2995 989 3082 conspicit
1004 3016 1146 3080 usquam
1251 2992 1318 3057 420

257 3096 447 3182 Auctorem,
463 3121 522 3164 nec
538 3121 602 3184 quo
618 3121 651 3165 se
667 3101 783 3165 ardens
798 3099 975 3166 immittere
991 3101 1103 3186 possit.

259 3201 344 3266 “Tu
360 3209 473 3268 tamen
487 3203 612 3268 interea
627 3204 731 3269 calido
746 3205 829 3269 mihi
845 3205 1001 3291 sanguine
1017 3225 1138 3290 poenas

259 3305 281 3339 “
292 3307 457 3373 Persolves
473 3309 643 3374 amborum
652 3311 671 3339 '’
686 3307 814 3394 inquit;
839 3309 937 3375 simul
952 3331 1026 3376 ense
1042 3310 1165 3374 recluso

259 3413 336 3476 Ibat
352 3411 388 3476 i'n
402 3411 592 3497 Euryalum.
642 3412 729 3478 Tum
743 3435 817 3478 vero
833 3414 1019 3498 exterritus,
1037 3435 1161 3497 amens,

260 3515 452 3582 Conclamat
469 3517 581 3602 Nisus,
598 3539 656 3583 neo
674 3540 707 3582 se
723 3519 824 3583 celare
840 3519 982 3584 tenebris
1250 3514 1317 3581 425

260 3619 414 3705 Amplius
430 3629 489 3685 ant
505 3629 638 3686 tantum
653 3623 762 3707 potuit
778 3623 919 3708 perferre
935 3623 1084 3689 dolorem.

261 3725 281 3756 “
297 3725 360 3803 Me,
377 3739 441 3808 me,
458 3725 574 3789 adsum
590 3726 647 3810 qui
662 3727 733 3810 feci,
751 3726 786 3791 in
801 3749 853 3792 mc
868 3727 1046 3793 convertite
1060 3728 1195 3810 ferrum,

262 3827 326 3896 “O
345 3828 482 3895 Ruturir
506 3850 581 3893 mea
595 3831 684 3896 fraus
700 3833 824 3913 omnis3
848 3833 930 3897 nihil
945 3833 1007 3898 iste
1023 3851 1206 3916 necamus,

262 3931 282 3964 “
295 3932 365 3996 Nec
380 3931 510 4017 potuit:
536 3935 662 3998 coelum
677 3935 737 4000 hoc
754 3943 788 4002 et
805 3937 933 4003 conscia
949 3937 1053 4003 sidera
1068 3943 1190 4020 testor;
