2838 4522
499 327 671 374 susurros
694 327 759 376 urs.
784 327 833 376 111.
1159 311 1199 377 61

136 487 262 554 “Fare
278 507 497 574 age-namque
513 508 642 552 omnem
658 507 790 553 cursum
806 486 888 552 mihi
903 507 1056 573 prospera
1071 487 1157 552 dixit

136 593 159 626 “
172 593 311 679 Religio,
329 601 363 658 et
379 591 493 658 cuncti
509 599 683 658 suaserunt
698 585 835 658 nuinine
851 592 919 658 divi

136 697 159 731 “
174 698 312 763 Italiam
327 705 439 784 petere
455 704 489 762 et
505 704 606 763 terras
621 705 749 763 tentare
766 704 909 783 repostas
923 717 932 779 ;

136 801 158 836 “
177 801 256 868 Sola
271 823 403 885 novum,
421 799 578 886 dictuque
594 803 695 886 nefas,
713 789 862 887 Harpyia
879 799 1022 866 Oelaeno
1134 800 1200 867 365

141 906 370 992 “Prodigium
386 905 487 992 canit,
505 912 539 970 et
555 905 665 971 tristes
681 905 857 970 denuntiat
873 904 939 970 iras

137 1009 159 1044 “
173 1010 423 1095 Obscenamque
438 1008 660 1095 famem-quae
676 1010 782 1096 prima
797 1009 941 1095 pericula
957 1007 1034 1092 vito,

137 1113 158 1147 “
174 1113 302 1195 Quidve
319 1135 456 1199 sequens
472 1121 583 1180 tantos
598 1113 720 1200 possim
736 1133 887 1196 superare
901 1113 1026 1178 labores
1039 1114 1056 1178 P
1067 1114 1088 1143 ”

137 1219 206 1284 Hic
224 1219 381 1302 Helenus,
400 1219 501 1284 caesis
517 1219 662 1304 primunr
677 1219 718 1284 de
734 1239 820 1282 more
832 1217 991 1303 juvencis,

135 1322 263 1388 Exorat
278 1344 394 1408 pacem
410 1323 534 1407 divum,
550 1323 718 1408 vittasque
733 1321 865 1388 rescivit
1132 1315 1199 1386 370

136 1425 268 1496 Sacrati
284 1427 412 1514 capitis,
429 1448 547 1514 meque
564 1428 607 1493 ad
622 1434 683 1492 tua
698 1427 822 1512 limina,
840 1426 981 1510 Phoebe,

135 1534 215 1619 Ipse
231 1555 333 1598 manu
348 1534 455 1598 multo
471 1553 667 1619 suspensum
682 1532 816 1598 numine
832 1532 944 1614 ducit;

134 1639 250 1724 Atque
265 1640 344 1703 haec
360 1638 477 1703 deinde
494 1637 582 1703 canit
598 1637 707 1702 divino
723 1657 765 1702 ex
780 1659 833 1703 ore
849 1639 1017 1703 sacerdos:

135 1744 259 1809 “Nate
275 1745 429 1809 dea-nam
445 1751 479 1808 te
494 1742 672 1828 majoribus
686 1742 732 1807 ire
749 1764 805 1829 per
821 1743 929 1808 altum

135 1847 340 1933 “Auspiciis
355 1846 530 1912 manifesta
545 1847 649 1914 fides:
674 1846 719 1912 sic
735 1847 806 1912 fata
820 1847 921 1912 deum
937 1867 994 1911 rex
1129 1841 1195 1910 375

133 1952 157 1985 “
170 1953 323 2037 Sortitur,
340 1952 508 2037 volvitque
523 1951 608 2016 ‘vices
622 1971 631 2034 ;
655 1951 683 2017 is
700 1951 838 2017 vertitur
853 1952 955 2034 ordo,

134 2058 282 2122 “Pauca
298 2057 360 2122 tibi
375 2077 393 2122 0
413 2056 539 2142 multis,
558 2077 622 2142 quo
637 2056 741 2122 tutior
755 2055 886 2142 hospita
901 2057 1022 2120 lustres

133 2162 322 2248 “Aequora
338 2169 370 2227 et
387 2161 533 2228 Ausonio
548 2161 650 2248 possis
666 2160 830 2227 considere
846 2168 953 2246 portu,

133 2267 157 2300 “
170 2267 357 2352 Expediam
372 2266 487 2334 dictis:
512 2267 685 2353 prohibent
701 2287 779 2330 nam
794 2272 902 2330 cetera
918 2264 1040 2328 Parcae

134 2371 158 2404 “
173 2371 263 2438 Scire
278 2370 445 2436 Helenum
459 2371 586 2456 farique
602 2378 694 2436 vetat
712 2370 865 2438 Saturnia
880 2370 979 2436 Juno.
1131 2369 1197 2433 380

134 2474 336 2561 “Principio
352 2475 498 2562 italiam,
516 2496 618 2562 quam
633 2483 672 2540 tu
683 2475 754 2560 jam
770 2495 836 2540 rere
852 2475 1082 2562 propinquam,

134 2579 157 2612 “
171 2579 382 2664 Vicinosque,
398 2579 521 2664 ignare,
538 2601 633 2665 paras
648 2579 798 2644 invadere
814 2587 940 2665 portus,

134 2683 157 2718 “
170 2684 284 2770 Longa
299 2684 411 2768 procul
425 2683 529 2770 longis
544 2683 598 2748 via
613 2683 731 2749 dividit
747 2683 835 2749 invia
849 2684 961 2751 terris:

134 2789 158 2822 “
170 2789 263 2854 Ante
279 2795 313 2853 et
330 2787 498 2853 Trinacria
512 2789 687 2853 lentandus
699 2809 807 2854 remus
822 2789 857 2853 in
871 2790 972 2873 unda,

134 2895 218 2960 “Et
235 2893 311 2960 00110
326 2893 467 2959 Ausonii
481 2893 690 2958 lustrandum
704 2892 842 2958 navibus
857 2915 985 2978 aequor,
1130 2891 1196 2957 385

134 3000 156 3034 “
170 2998 359 3084 Infernique
373 2999 464 3064 lacus
481 2999 675 3080 Aeaeaeque
690 2998 798 3064 insula
815 2999 938 3082 Circae,

133 3105 156 3139 “
169 3105 278 3186 Quam
293 3111 369 3168 tuta
384 3103 486 3190 possis
501 3103 616 3168 urbem
632 3123 819 3188 componere
835 3111 927 3169 terra.

133 3209 156 3242 “
171 3210 273 3295 Signa
287 3209 350 3273 tibi
365 3209 491 3275 dicam:
517 3215 556 3273 tu
572 3207 704 3272 condita
720 3215 830 3272 mente
846 3213 968 3272 teneto.

133 3314 283 3394 “Quum
298 3313 359 3380 tibi
375 3312 513 3379 sollicito
529 3312 642 3378 secreti
657 3313 699 3376 ad
715 3311 861 3377 fluminis
878 3311 1002 3375 undam

133 3419 155 3452 “
168 3418 310 3484 Litoreis
325 3418 440 3504 ingens
456 3415 590 3481 inventa
607 3417 668 3481 sub
684 3415 813 3480 ilicibus
829 3435 894 3500 sus,
1130 3415 1197 3480 390

133 3523 155 3557 “
171 3523 325 3608 Triginta
339 3521 488 3608 capitum
502 3521 591 3587 fetus
606 3520 712 3604 enixa,
725 3519 860 3605 jacebit,

134 3629 155 3663 “
169 3628 267 3712 Alba,
286 3628 352 3693 solo
367 3627 535 3710 recubans,
553 3626 620 3690 albi
635 3625 760 3690 circum
775 3625 875 3690 ubera
890 3611 985 3710 nati}

134 3733 155 3767 “
168 3734 203 3800 Is
218 3733 309 3798 locus
325 3730 414 3796 urbis
429 3729 502 3814 erit,
514 3730 641 3814 requies
657 3750 695 3794 ea
712 3737 801 3795 certa
815 3730 972 3798 laborum.

133 3837 154 3873 “
168 3838 239 3904 Nec
256 3845 297 3902 tu
312 3855 500 3900 mensarum
515 3855 640 3900 morsus
655 3834 799 3899 horresce
814 3835 961 3902 futuros:

133 3943 155 3978 “
167 3944 256 4010 Fata
265 3937 364 4006 'viam
378 3937 555 4024 invenient,
572 3938 744 4025 aderitque
759 3947 893 4006 vocatus
909 3938 1036 4025 Apollo
1130 3940 1195 4007 395
