2838 4522
491 341 664 390 ultumos
686 343 752 392 LIB.
778 345 827 393 111.

118 504 250 571 “Idem
264 511 420 568 venturos
437 503 590 568 tollemus
605 503 641 567 in
656 511 745 568 astra
760 511 908 588 nepotes,

80 670 82 674 .
117 609 403 696 “Imperiumque
420 608 494 674 urbi
509 609 680 675 dabimus:
706 617 745 674 tu
760 609 887 674 moenia
903 608 1031 695 magnis

118 714 141 748 “
155 715 281 801 Magna
297 735 389 799 para,
406 714 607 798 longumque
623 713 719 798 fugae
736 733 776 776 ne
792 714 904 798 linque
919 713 1072 780 laborem.
1122 712 1187 778 160

119 820 339 884 “Mutandae
356 819 466 885 sedes:
493 840 558 883 non
572 817 653 882 haec
670 817 733 882 tibi
748 818 843 883 litora
860 819 963 884 suasit

120 925 141 959 ‘⁴
157 925 285 1008 Delius,
303 932 363 988 aut
380 923 498 989 Cretae
509 923 608 1008 jussit
625 922 800 1007 considere,
819 924 946 1009 Apollo

119 1031 219 1096 “Est
236 1032 336 1114 locus,
354 1029 549 1115 Hesperiam
567 1029 660 1095 Graii
676 1030 865 1116 cognomine
881 1030 1006 1114 dicunt,

121 1136 143 1168 “
157 1137 260 1200 Terra
272 1135 421 1220 antiqua,
438 1144 555 1220 potens
571 1135 669 1200 armis
685 1143 785 1220 atque
801 1136 898 1200 ubere
914 1136 1043 1220 glebae-

119 1240 141 1272 “
157 1240 295 1308 Oenotri
310 1241 436 1306 coluere
451 1239 531 1322 viri;
555 1261 643 1304 nunc
659 1241 758 1324 fama,
776 1240 916 1306 minores
1120 1244 1183 1310 165

121 1345 298 1410 “Italiam
313 1344 433 1410 dixisse
449 1343 541 1409 ducis
557 1344 597 1409 de
613 1344 743 1408 nomine
759 1352 922 1430 gentem-2

119 1449 231 1514 “Hae
246 1449 339 1515 nobis
354 1449 501 1535 propriae
517 1449 608 1514 sedes
623 1469 633 1531 ;
657 1449 732 1514 hinc
749 1449 924 1516 Dardanus
940 1457 1030 1516 crtus

121 1554 329 1638 “Iasiusque
344 1561 447 1639 pater,
464 1574 565 1638 genus
582 1575 601 1618 a
617 1574 681 1638 quc
696 1553 842 1639 principe
857 1563 1013 1622 nostrum.

120 1660 142 1692 “
157 1661 262 1745 Surge
277 1681 347 1746 age,
365 1667 398 1724 et
413 1659 494 1724 haee
509 1659 616 1724 laetus
631 1659 786 1745 longaevo
802 1660 892 1726 dicta
908 1659 1038 1746 parenti

121 1764 142 1797 “
153 1763 257 1829 Haud
269 1764 452 1829 dubitanda
464 1764 567 1829 refer:
594 1763 776 1848 Corythum
788 1772 953 1850 terrasque
966 1763 1108 1852 requirat
1122 1761 1186 1831 170

122 1869 331 1938 “Ausonias
380 1868 521 1934 Dictaea
537 1874 637 1954 negat
652 1868 716 1934 tibi
730 1868 867 1955 Jupiter
882 1872 990 1936 arva.”

121 1975 261 2040 Talibus
277 1974 441 2040 attonitus
456 1973 533 2040 visis
548 1996 586 2039 ao
602 1995 679 2039 voce
695 1974 846 2039 deorum-

119 2079 193 2145 Nec
210 2101 302 2165 sopor
315 2079 400 2144 illud
415 2086 495 2163 erat,
512 2080 569 2144 sed
584 2101 692 2145 coram
707 2099 879 2163 agnoscere
895 2079 1007 2144 vultus

120 2184 323 2270 Velatasque
339 2205 448 2250 comas
464 2184 712 2270 praesentiaque
729 2205 784 2249 ora
800 2183 949 2264 videbar;

122 2291 213 2354 Tum
228 2291 355 2376 gelidus
369 2297 441 2356 toto
456 2291 613 2356 manabat
629 2311 760 2376 corpore
777 2289 900 2373 sudor,
1120 2283 1185 2354 175

122 2397 268 2483 Corripio
285 2419 302 2462 e
318 2397 431 2462 stratis
447 2418 572 2482 corpur,
589 2397 753 2481 tendoque
771 2395 905 2481 supinas

121 2503 179 2568 Ad
195 2503 321 2568 coelum
337 2524 413 2567 cum
429 2523 505 2568 voce
521 2523 650 2586 manus,
668 2510 701 2568 et
717 2524 853 2567 munera
868 2502 934 2568 libo

121 2609 327 2674 Intemerata
341 2607 429 2675 focis.
477 2607 625 2673 Perfecto
640 2609 746 2674 laetus
762 2609 881 2674 honore

122 2712 293 2778 Anchisen
307 2713 389 2778 facio
402 2720 538 2798 certum,
556 2733 688 2798 remque
704 2713 814 2779 ordine
830 2715 947 2800 pando,

121 2819 272 2906 Agnovit
287 2820 412 2905 prolem
427 2818 617 2904 ambiguam
632 2819 841 2904 geminosque
857 2827 1020 2904 parentes,
1122 2819 1186 2883 180

122 2927 231 3010 Seque
248 2945 328 2990 novo
344 2915 491 2988 veterur'c
507 2924 684 3008 deceptum
699 2945 801 2989 errore
816 2913 979 2991 locorum(

122 3029 215 3094 Tum
229 3035 389 3093 memorat
406 3049 413 3094 :
440 3026 461 3060 “
474 3025 573 3110 Nate,
591 3026 702 3093 Iliacis
719 3027 858 3093 exercite
873 3029 963 3113 fatis,

123 3133 147 3168 “
161 3134 237 3200 Sola
251 3133 335 3198 mihi
349 3133 432 3198 tales
448 3153 542 3200 casus
560 3132 742 3198 Cassandra
757 3133 916 3216 canebat;

124 3238 148 3273 “
162 3239 261 3304 Nunc
278 3245 389 3324 repeto
406 3238 485 3302 haec
501 3237 610 3324 generi
626 3239 816 3323 portendere
831 3237 943 3303 debita
959 3243 1079 3322 nostro,
1201 3247 1205 3255 “

124 3343 207 3408 “Et
223 3364 318 3428 saepe
334 3343 541 3428 Hesperiam,
558 3363 654 3428 saepe
670 3343 759 3407 Itala
776 3364 877 3428 regna
892 3363 1013 3409 vocare.
1122 3345 1185 3412 185

123 3448 148 3483 “
164 3447 229 3514 Sed
244 3447 317 3532 quis
333 3449 375 3512 ad
392 3447 568 3532 Hesperiae
583 3454 737 3512 venturos
753 3447 851 3511 litora
868 3446 1008 3512 Teucros

123 3554 147 3587 “
161 3553 328 3638 Crederet,
345 3561 404 3618 aut
420 3574 518 3638 quem
535 3561 609 3618 tum
624 3559 717 3617 vates
734 3552 917 3618 Cassandra
933 3557 1103 3622 moveret?

123 3658 325 3726 “Cedamus
341 3658 483 3742 Phoebe,
500 3665 533 3722 et
551 3657 668 3722 moniti
683 3657 815 3722 meliora
831 3679 1005 3743 sequamur
1018 3663 1053 3727 l'’

124 3766 178 3833 Sic
194 3765 255 3848 ait,
272 3771 307 3828 et
323 3763 435 3828 cuncti
450 3763 538 3828 dicto
553 3784 704 3849 paremus
719 3769 874 3832 ovantes:
920 3823 926 3835 .

123 3870 221 3936 Hanc
234 3888 365 3954 quoque
381 3866 555 3940 deserimus
569 3868 688 3950 sedem,
705 3867 881 3953 paucisque
898 3869 1017 3934 relictis
1123 3869 1188 3935 190

122 3976 209 4044 Vela
226 3975 356 4058 damus,
372 3979 570 4059 vastumque
586 3993 666 4038 cava
682 3973 775 4040 trabe
790 3973 948 4039 currimus
964 3994 1093 4057 aequor.
