2838 4522
255 291 300 358 74
611 277 784 358 luunrnos
807 312 872 360 nm.
897 313 943 360 rv.

255 467 419 555 Principio
434 470 571 536 delubra
586 473 719 556 adeunt,
737 493 916 557 pacemque
931 493 989 557 per
1003 494 1075 538 aras

254 573 465 658 Exquirunt3
489 582 637 642 mactant
653 577 755 642 lectas
771 577 811 642 de
827 598 914 642 more
930 577 1081 642 bidentes

254 675 420 762 Legiferae
437 679 543 745 Oereri
559 679 753 766 Phoeboque
769 681 918 766 patrique
934 681 1052 767 Lyaeo,

255 781 380 848 Junoni
396 792 472 849 ante
488 805 608 869 omnes,
625 785 679 850 cui
693 785 801 850 vincla
813 785 941 870 jugalia
956 807 1063 852 curae.

255 887 332 972 Ipsa
347 895 462 953 tenens
477 889 595 955 dextra
609 897 759 975 pateram
775 889 994 974 pulcherrima
1010 889 1096 954 Dido
1271 889 1317 954 60

256 991 434 1058 Candentis
449 1014 565 1058 vaccae
581 993 688 1058 media
701 993 788 1058 inter
803 1015 922 1059 cornua
938 993 1058 1077 fundit,

255 1096 327 1162 Aut
342 1104 421 1161 ante
437 1119 492 1162 ore
506 1099 605 1163 deum
619 1098 756 1185 pingues
771 1098 935 1184 spatiatur
950 1099 992 1163 ad
1007 1119 1089 1182 aras,

256 1200 490 1286 Instauratque
506 1201 594 1266 diem
608 1203 710 1288 donis,
727 1203 956 1288 pecudumque
971 1201 1104 1268 reclusis

256 1307 447 1372 Pectoribus
461 1306 591 1373 inhians
606 1307 764 1394 spirantia
780 1308 919 1374 consulit
935 1314 1022 1373 exta.

256 1413 332 1479 Heu
348 1421 463 1480 vatum
478 1413 609 1500 ignarae
623 1420 771 1484 mentest
796 1415 875 1500 quid
889 1421 966 1480 vota
981 1413 1155 1496 furentem,
1272 1414 1317 1479 65

256 1519 343 1600 Quid
358 1519 492 1584 delubra
503 1518 649 1606 juvapt?
697 1519 760 1586 Est
775 1519 881 1585 mollis
896 1519 1031 1584 flamma
1046 1515 1209 1583 medullas

256 1624 397 1708 Interea,
415 1632 448 1690 et
463 1625 606 1690 tacitum
620 1625 704 1690 vivit
720 1625 781 1690 sub
795 1632 924 1711 pectore
940 1624 1067 1690 vulnus.

256 1727 375 1794 Uritur
389 1729 503 1794 infelix
520 1730 606 1796 Dido
622 1737 757 1815 totaque
773 1737 912 1816 vagatur

256 1833 348 1900 Urbe
364 1833 482 1924 furens,
500 1836 606 1920 qualis
622 1835 768 1920 conjecta
784 1857 876 1900 cerva
892 1834 1024 1921 sagitta,

258 1938 364 2018 Quam
379 1940 490 2024 procul
504 1939 673 2004 incautam
688 1961 819 2006 nemora
833 1940 919 2005 inter
935 1938 1046 2006 Cresia
1061 1938 1136 2004 fixit
1274 1935 1321 2004 70

258 2043 374 2107 Pastor
388 2063 487 2128 agens
498 2043 582 2128 telis,
598 2044 762 2130 liquitque
777 2045 910 2110 volatile
925 2045 1047 2109 ferrum

258 2145 413 2229 Nescius;
437 2147 494 2212 1111
508 2147 587 2233 fuga
602 2148 700 2214 silvas
715 2149 883 2234 saltusque
899 2155 1050 2234 peragrat

258 2251 422 2335 Dictaeos,
439 2252 549 2318 haeret
565 2253 660 2318 lateri
674 2254 781 2320 letalis
797 2254 930 2320 arundo.

257 2355 355 2422 Nunc
371 2357 480 2423 media
495 2357 630 2424 Aenean
648 2381 757 2426 secum
772 2381 831 2444 per
844 2358 972 2424 moenia
987 2356 1091 2441 ducit,

258 2462 468 2547 Sidoniasque
484 2472 628 2530 ostentat
645 2471 720 2550 opes'
735 2465 913 2549 urbemque
929 2470 1090 2548 paratam,
1274 2455 1321 2528 75

257 2566 381 2651 Incipit
397 2566 487 2632 effari
502 2561 673 2654 mediaque
688 2569 722 2633 in
738 2590 816 2634 voce
831 2567 954 2633 resistit
967 2587 976 2649 3

257 2668 355 2734 Nunc
372 2673 485 2736 eadem
500 2673 630 2739 labente
646 2675 697 2739 die
714 2674 859 2739 convivia
875 2671 1015 2758 quaerit,

257 2774 441 2859 Iliacosque
456 2777 576 2842 iterum
592 2779 725 2844 demens
741 2774 853 2844 andire
868 2779 993 2842 labores

256 2879 425 2966 Exposcit,
442 2884 628 2968 pendetque
642 2884 764 2950 iterum
780 2882 941 2948 narrantis
957 2882 999 2946 ab
1015 2901 1076 2946 ore.

258 2984 348 3070 Post,
365 2986 424 3050 ubi
439 2986 583 3073 digressi,
599 2988 775 3072 lumenque
791 2988 925 3052 obscura
939 2984 1082 3050 vicissim
1276 2984 1324 3048 80

257 3089 352 3154 Luna
368 3089 488 3175 premit
504 3091 707 3176 suadentque
723 3091 874 3156 cadentia
890 3089 993 3155 sidera
1010 3107 1147 3170 somnos,

259 3191 334 3258 Sola
350 3193 445 3259 domo
460 3201 582 3259 maeret
597 3216 711 3280 vacua,
729 3195 904 3280 stratisque
920 3191 1040 3258 relictis

258 3298 408 3364 Incubet.
447 3283 556 3363 ¹Illum
572 3299 687 3364 absens
695 3299 871 3364 'absentem
887 3297 1045 3381 auditque
1061 3293 1236 3378 videtque;

258 3404 329 3467 Aut
346 3403 465 3489 gremio
481 3403 672 3490 Ascanium,
689 3403 842 3490 genitoris
857 3403 1000 3489 imagine
1016 3407 1125 3485 capta,

260 3507 411 3590 Detinet,
429 3507 600 3574 infandum
616 3509 644 3574 si
658 3510 768 3574 fellere
784 3509 886 3595 possit
903 3526 1055 3572 amorem.
1277 3505 1323 3570 85

258 3611 334 3676 Non
350 3618 486 3696 coeptae
502 3619 678 3698 assurgunt
694 3620 812 3694 turres,
830 3633 895 3676 non
908 3631 1001 3675 arma
1013 3607 1172 3693 juventus

258 3715 408 3798 Exercet,
426 3723 577 3800 portusve
594 3728 652 3780 aut
668 3716 913 3802 propugnacula
928 3713 1012 3780 bello

259 3819 351 3884 'Puta
366 3827 502 3905 perant3
527 3821 671 3905 pendent
686 3843 783 3907 opera
797 3822 983 3906 interrupta
999 3817 1172 3900 minaeque

257 3924 430 3992 Murorum
445 3924 595 4008 ingentes
612 3933 814 4010 aequataque
829 3924 981 3990 maehina
996 3921 1092 3988 coelo.
