2838 4522
464 299 638 352 nunninus
660 301 725 352 mn.
752 301 800 352 111.

100 459 271 547 Harpyiae
288 466 322 525 et
338 458 468 544 magnis
484 460 641 546 quatiunt
656 461 859 548 clangoribus
870 461 951 546 alas,

100 565 339 651 Diripiantque
356 564 468 649 dapes,
485 572 703 650 contactuque
720 565 830 630 omnia
843 565 977 631 foedant

99 671 302 752 Immundo;
326 677 402 733 tum
412 690 477 734 vox
492 675 618 734 tetrum
633 669 703 734 dira
718 670 803 735 inter
818 670 955 736 odorem.

101 772 252 839 Rursum
266 773 302 837 in
318 793 445 838 secessu
460 772 556 857 longo
573 773 634 838 sub
650 794 730 858 rupe
745 781 873 857 cavata,

104 877 286 943 Arboribus
298 875 402 942 clausi
417 876 538 942 circum
555 884 655 962 atque
670 877 877 943 horrentibus
892 877 1028 963 umbris,
1097 877 1165 942 230

101 982 308 1048 Instruimus
323 1003 462 1066 mensas,
479 981 606 1066 arisque
622 982 806 1067 reponimus
820 981 931 1068 ignem
946 1003 953 1063 ;

100 1091 250 1155 Rursum
266 1111 307 1153 ex
322 1089 448 1153 diverso
462 1087 545 1153 coeli
560 1087 728 1172 caecisque
743 1087 877 1153 latebris

101 1194 216 1258 Turba
233 1214 352 1258 sonans
367 1191 523 1279 praedam
538 1191 675 1277 pedibus
691 1192 904 1258 circumvolat
920 1192 1023 1276 uncis,

101 1299 230 1366 Polluit
245 1321 299 1364 ore
315 1300 423 1384 dapes.
472 1298 573 1365 Sociis
589 1305 678 1382 tunc,
696 1320 788 1362 arma
804 1305 987 1384 capessant,

101 1404 218 1488 lidiae,
236 1411 270 1468 et
285 1403 355 1468 dira
370 1401 496 1468 bellum
511 1424 586 1469 cum
604 1410 701 1488 gente
717 1404 903 1488 gerendum.
1099 1406 1165 1471 235

100 1510 206 1574 Haud
222 1530 315 1574 secus
330 1531 368 1573 ac
381 1507 463 1593 jussi
478 1508 613 1593 faciunt,
632 1515 801 1594 tectosque
818 1531 875 1596 per
890 1511 1024 1575 herbam

102 1615 294 1701 Disponunt
310 1635 402 1678 enses
417 1621 450 1677 et
467 1621 561 1678 scuta
575 1613 715 1678 latentia
731 1615 885 1681 condunt.

101 1723 192 1807 Ergo
207 1721 266 1786 ubi
281 1721 431 1805 delapsae
447 1720 591 1785 sonitum
607 1741 664 1805 per
679 1742 778 1785 curva
794 1720 909 1786 dedere

100 1826 240 1907 Litora;
265 1826 324 1890 dat
340 1824 470 1909 signum
486 1824 618 1910 specula
634 1823 780 1889 Misenus
796 1825 838 1889 ab
854 1825 923 1889 alta

101 1930 192 1994 Aere
208 1951 296 1996 cavo,
343 1928 512 1994 Invadunt
528 1928 605 1994 socii
621 1936 654 1993 et
671 1951 755 1994 nova
770 1930 892 2015 proelia
908 1937 1051 2014 tentant,
1099 1929 1165 1993 240

103 2035 274 2101 Obscenae
288 2033 399 2119 pelagi
412 2033 494 2099 ferro
509 2033 637 2098 foedare
652 2034 808 2100 volucres.

103 2139 172 2206 Sed
185 2160 291 2224 neque
303 2138 371 2203 vim
387 2139 508 2224 plumis
523 2139 627 2203 ullam
643 2159 703 2203 nec
719 2139 855 2202 vulnera
871 2145 962 2224 tergo

101 2243 295 2328 Accipiunt,
313 2243 472 2327 celerique
487 2243 565 2328 fuga
581 2243 642 2307 sub
659 2241 765 2308 sidera
781 2241 891 2326 lapsae

72 2347 75 2356 ’
105 2347 287 2414 Semiesam
302 2347 460 2432 praedam
476 2355 511 2411 et
526 2346 663 2432 vestigia
677 2346 772 2411 foeda
788 2346 987 2430 relinquunt.

103 2452 184 2518 Una
199 2453 234 2516 in
250 2453 413 2538 praecelsa
428 2452 573 2517 consedit
589 2473 668 2536 rupe
686 2451 836 2536 Oetaeus,
1099 2451 1166 2519 245

103 2558 227 2623 Infelix
241 2565 342 2642 vates,
359 2557 547 2643 rumpitque
563 2556 647 2622 hanc
664 2564 793 2642 pectore
809 2578 942 2622 vocem:

104 2661 271 2726 “Bellum
287 2663 388 2726 etiam
402 2683 460 2748 pro
473 2662 571 2726 caede
587 2662 687 2726 boum
704 2661 881 2747 stratisque
893 2661 1052 2748 juvencis,

103 2766 125 2799 “
137 2766 446 2851 Laomedontiadas,
463 2767 628 2831 bellumne
643 2766 761 2831 inferre
777 2768 910 2853 paratis,

104 2871 187 2934 “Et
204 2871 310 2955 patrio
326 2869 489 2956 Harpyias
503 2871 650 2936 insontes
665 2871 783 2957 pellere
800 2894 896 2958 regno
910 2875 926 2938 Ρ

103 2975 293 3061 “Accipite
310 2997 384 3062 ergo
399 2975 517 3041 animis
533 2984 633 3060 atque
648 2977 727 3042 hacc
742 2999 816 3042 mea
831 2978 924 3064 figito
941 2978 1041 3056 diota,
1100 2979 1166 3044 250

104 3079 233 3160 “Quae
249 3079 379 3144 Phoebo
395 3086 489 3165 pater
504 3079 719 3165 omnipotens,
736 3081 818 3145 mihi
834 3081 985 3146 Phoebus
1002 3063 1122 3166 Apollo

103 3184 127 3218 “
140 3184 323 3268 Praedixit,
340 3185 430 3249 vobis
445 3185 621 3249 Furiarum
636 3207 694 3271 ego
710 3187 855 3251 maxima
870 3189 988 3271 pando.

104 3287 128 3323 “
141 3288 277 3354 Italiam
293 3311 389 3354 cursu
404 3291 538 3375 petitIs:
563 3290 735 3376 ventisque
751 3293 876 3356 vocatis

104 3393 240 3460 “Ibitis
256 3393 402 3478 Italiam,
419 3403 596 3480 portusque
612 3395 732 3460 intrare
748 3395 882 3477 licebit;

104 3498 126 3533 “
142 3498 207 3565 Sed
223 3519 288 3562 non
304 3506 380 3563 ante
396 3500 511 3565 datam
527 3499 664 3585 cingetis
679 3500 847 3565 moenibus
863 3501 986 3585 urbem,
1100 3502 1166 3568 255

104 3603 249 3685 “Quam
264 3625 321 3668 vos
337 3603 406 3668 dira
421 3604 523 3669 fames
539 3611 732 3688 nostraeque
748 3603 867 3688 injuria
883 3606 989 3671 caedis

105 3708 126 3742 “
138 3709 301 3774 Ambesas
318 3707 450 3793 subigat
465 3709 560 3774 malis
576 3709 746 3773 absumere
762 3713 922 3777 mensas.’'

104 3812 213 3897 Ducit,
234 3811 320 3876 etin
336 3812 451 3877 silvam
468 3813 582 3898 pennis
598 3812 711 3876 ablata
727 3812 854 3900 refugit.

105 3918 152 3986 At
168 3917 265 3984 sociis
282 3916 392 3981 subita
407 3916 533 4003 gelidus
548 3915 718 3982 formidine
734 3920 866 4005 sanguis
