2944 4522
280 364 347 432 218
631 383 803 432 Aruernos
826 385 890 434 ms.
914 385 962 432 rx.

280 541 434 626 Demisit,
451 564 624 630 germanae
639 543 729 608 haud
745 545 857 611 mollia
868 543 961 630 jussa
975 544 1144 632 ferentem,

278 650 325 716 Ni
342 652 474 718 Turnus
487 654 581 718 cedat
599 653 798 718 Teucrorum
813 653 982 718 moenibus
999 653 1082 721 altis.
1275 653 1342 720 805
1400 669 1403 676 ’

278 757 365 844 Ergo
381 779 440 822 nec
456 757 560 843 clipeo
572 757 702 843 juvenis
718 758 891 824 subsistere
908 765 1053 843 tantum,
1157 808 1160 814 .

277 862 348 928 Nec
364 865 480 928 dextra
495 863 605 930 valet:
630 862 759 948 injectis
776 863 820 928 sie
836 863 981 948 undique
997 863 1072 928 telis

278 969 444 1036 Obruitur.
493 968 619 1054 Strepit
635 968 764 1033 assiduo
780 989 860 1032 cava
876 975 1025 1054 tempora
1041 968 1163 1034 circum

278 1073 419 1139 Tinnitu
433 1074 536 1160 galea,
553 1081 588 1138 et
604 1073 691 1138 saxis
707 1073 810 1138 solida
825 1095 900 1138 aera
914 1073 1085 1159 fatiscunt,

278 1178 516 1264 Discussasque
528 1178 629 1264 jubae
646 1177 759 1264 capiti,
777 1199 836 1243 nec
854 1178 977 1245 sufficit
993 1181 1093 1244 umbo
1273 1179 1340 1246 810

277 1283 426 1366 Ictibus;
449 1283 654 1369 ingeminant
668 1283 772 1350 hastis
787 1291 822 1350 et
838 1284 937 1350 Troes
954 1285 1072 1372 etipse
1110 1294 1128 1332 ἢ

183 1457 187 1462 ,
277 1388 471 1480 Fulmineus
488 1388 690 1455 Mnestheus.
738 1389 828 1453 Tum
843 1397 913 1455 toto
929 1411 1059 1476 corpore
1075 1391 1173 1456 sudor

276 1494 432 1579 Liquitur
446 1501 481 1560 et
496 1494 647 1579 piceum-
657 1514 716 1559 nee
732 1494 887 1581 respirare
903 1501 1070 1580 potestas-

276 1598 420 1664 Flumen
435 1599 526 1684 agit3
548 1599 649 1664 fessos
664 1598 774 1684 quatit
789 1619 884 1685 aeger
898 1599 1065 1665 anhelitus
1079 1606 1180 1666 artus.

277 1703 367 1768 Tum
382 1695 518 1769 demum
532 1725 689 1790 praeceps
704 1705 793 1771 saltu
808 1726 877 1770 sese
893 1704 1045 1770 omnibus
1061 1704 1159 1770 armis
1191 1735 1195 1744 =
1270 1703 1338 1771 ’815

276 1810 319 1875 In
333 1808 472 1874 fluvium
488 1808 588 1876 dedit.
635 1809 698 1876 Ille
713 1831 772 1876 suo
787 1831 864 1875 cum
879 1809 1009 1896 gurgite
1024 1809 1109 1874 flavo

275 1913 416 2000 Accepit
432 1913 617 1980 venientem
632 1936 670 1981 ac
685 1915 838 1980 mollibus
854 1914 976 1980 extulit
991 1915 1097 1999 undis,

275 2017 322 2085 Et
338 2019 466 2085 laetum
483 2018 575 2086 sociis
591 2019 707 2086 abluta
722 2020 821 2086 caede
836 2019 969 2086 remisit.
