2944 4522
527 305 697 356 Aruernos
720 308 785 356 ura.
811 307 861 356 xr.
1169 289 1235 358 273

168 459 238 526 Nec
258 462 432 547 quisquam
448 471 610 530 metantes
627 466 769 532 Teucros
785 467 955 552 letumque
970 469 1111 534 ferentes

170 566 363 632 Sustentare
378 567 468 632 valet
485 568 569 653 telis,
586 579 646 635 aut
662 571 774 636 sistere
791 577 928 654 contra3

171 670 236 735 Sed
252 670 343 735 laxos
359 671 502 737 referunt
517 672 661 740 humeris
676 675 910 760 languentibus
927 698 1031 760 arcus,

171 774 454 860 Quadrupedoque
470 785 603 862 putrem
618 800 717 844 cursu
728 780 839 863 quatit
851 782 976 866 ungula
988 804 1151 869 campum.
1166 781 1231 850 875

171 878 327 944 Volvitur
342 881 384 945 ad
400 902 510 948 muros
527 883 663 968 caligine
680 884 829 951 turbidus
844 891 917 950 atra

171 983 296 1068 Pulvis,
313 991 347 1050 et
363 1007 380 1050 e
397 987 537 1072 speculis
553 1009 724 1073 percussae
742 997 874 1074 pectora
889 997 1011 1057 matres

170 1089 365 1154 Femineum
381 1090 555 1158 clamorem
571 1094 614 1158 ad
629 1094 708 1159 coeli
724 1095 829 1160 sidera
846 1096 976 1163 tollunt.
1088 1097 1092 1108 '

172 1195 237 1275 Qui
252 1217 350 1261 cursu
365 1204 476 1282 portas
492 1198 597 1294 primi
604 1199 749 1285 irrupere
764 1208 927 1286 patentes,

171 1300 241 1380 Hos
257 1301 391 1368 inimica
408 1325 506 1390 super
521 1305 626 1370 mixto
641 1306 763 1391 premit
779 1307 908 1392 agmine
925 1308 1043 1390 turba;
1166 1309 1233 1374 880

171 1405 241 1471 Nec
256 1407 410 1472 miserem
423 1407 587 1495 effugiunt
602 1418 752 1495 mortem,
770 1413 826 1477 sed
841 1412 953 1478 limine
967 1412 1002 1478 in
1016 1413 1098 1498 ipso,

171 1511 342 1578 Moenibus
357 1513 392 1577 in
407 1514 524 1599 patriis
540 1522 640 1600 atque
656 1516 743 1581 inter
757 1523 835 1582 tuta
851 1516 1022 1583 domorum

172 1617 301 1685 Oonfixi
316 1619 484 1706 exspirant
500 1622 635 1690 animas.
683 1623 764 1689 Pars
779 1624 927 1690 claudere
943 1632 1065 1710 portas,

170 1723 239 1789 Neo
256 1725 350 1790 sociis
366 1727 490 1811 aperire
506 1727 605 1812 viam,
622 1750 681 1794 neo
698 1730 868 1794 moenibus
884 1731 1009 1795 audent

170 1829 327 1916 Accipere
343 1838 494 1914 orantes;
519 1833 685 1918 oriturque
701 1833 880 1899 miserrima
896 1834 1010 1898 caedes
1165 1835 1232 1901 885

171 1933 416 2002 Defendentum
432 1936 530 2003 armis
545 1937 666 2022 aditus,
683 1938 782 2022 inque
797 1959 888 2004 arma
905 1944 1066 2003 ruentum.

170 2039 317 2125 Exclusi,
335 2048 412 2106 ante
428 2041 536 2106 oculos
551 2041 848 2126 lacrimantumque
864 2064 918 2107 ora
934 2047 1118 2126 parentum,

170 2145 251 2210 Pars
266 2144 302 2209 in
317 2145 511 2231 praecipites
526 2145 627 2212 fossas
642 2154 779 2232 urgente
796 2145 890 2210 ruina

169 2248 333 2334 Volvitur,
349 2251 503 2317 immissis
518 2274 592 2338 pars
608 2273 703 2317 00000
718 2260 753 2316 00
769 2251 897 2317 concita
911 2249 1010 2328 frenis

169 2353 303 2420 Arietat
318 2354 354 2419 in
368 2363 480 2440 portas
495 2364 529 2421 et
544 2357 640 2421 duros
656 2354 759 2441 objice
774 2363 891 2441 000000.
1165 2355 1231 2422 890

169 2458 266 2543 Ipsae
281 2459 322 2523 de
337 2458 438 2524 muris
454 2481 580 2525 summo
596 2459 772 2525 certamine
788 2467 943 2544 matres,-

170 2561 336 2628 Monstrat
352 2585 441 2629 amor
455 2585 551 2630 verus
562 2565 688 2651 patriae
699 2573 762 2630 -ut
777 2565 885 2631 videre
903 2564 1090 2650 Oamillam,

171 2666 254 2731 Tela
269 2689 371 2732 manu
386 2668 531 2753 trepidae
542 2669 681 2754 jaciunt,
698 2692 736 2735 ac
753 2671 861 2736 robore
877 2671 957 2736 duro

171 2771 349 2857 Stipitibus
364 2772 487 2837 ferrum
502 2774 701 2858 sudibusque
716 2774 891 2840 imitantur
905 2774 1031 2840 obustis

170 2874 383 2961 Praecipites,
399 2876 587 2962 primaeque
602 2877 683 2942 mori
698 2900 756 2964 pro
770 2879 939 2944 moenibus
954 2879 1077 2945 ardent.
1162 2877 1229 2944 895

237 2979 368 3046 Interea
385 2981 535 3046 'I'urnum
549 2981 584 3046 in
599 2981 687 3047 silvis
704 2983 907 3048 saevissimus
922 2982 1039 3068 implet

169 3084 329 3168 Nuntius,
347 3092 380 3150 ct
392 3085 506 3170 juveni
521 3085 688 3172 ingentem
702 3087 767 3152 fert
783 3086 874 3152 Acca
888 3085 1073 3151 tumultum
1087 3103 1116 3152 ε·

170 3188 307 3256 Deletae
323 3189 516 3256 Volscorum
531 3191 626 3276 acies,
642 3191 794 3258 cecidisse
810 3190 996 3273 Camillam,

169 3296 323 3381 Ingruere
339 3295 480 3361 infensos
494 3296 613 3380 hostes,
632 3303 665 3361 et
682 3295 790 3360 Marte
805 3294 947 3361 secundo
1031 3305 1034 3310 '

171 3398 294 3465 Omnia
310 3399 510 3484 corripuisse,
527 3406 656 3464 metum
667 3399 738 3483 jam
753 3399 796 3464 ed
812 3397 939 3463 moenia
953 3396 1036 3464 ferri.
1166 3397 1232 3464 900

169 3503 231 3568 Ille
245 3503 421 3569 fruens-et
439 3526 534 3570 saeva
549 3505 573 3569 J
575 3504 642 3571 ovis
658 3504 703 3570 sic
718 3504 855 3569 numina
871 3512 1036 3589 poscunt-

170 3607 301 3672 Deserit
318 3608 460 3674 obsessos
476 3609 582 3690 colles,
600 3629 730 3673 nemora
746 3629 861 3692 aspera
875 3607 1008 3692 linquit.

171 3711 240 3777 Vix
255 3733 273 3776 e
290 3721 469 3797 conspectu
484 3712 608 3778 exierat
624 3733 842 3798 campumque
858 3713 1006 3798 tenebat,

168 3816 283 3897 Quum
298 3823 393 3901 pater
407 3816 547 3901 Aeneas,
566 3816 670 3882 saltus
684 3815 846 3902 ingressus
861 3824 1002 3903 apertos,

166 3920 423 4006 Exsuperatque
434 3921 554 4007 jugum
570 3920 714 4007 silvaque
730 3922 841 3988 evadit
857 3943 969 4008 opaca.
1166 3921 1232 3988 905

410 4022 464 4081 12·
