2898 4518
245 293 308 357 142
602 313 774 360 Anumnos
797 314 862 360 am.
888 313 934 360 vr.

243 471 263 504 “
277 470 354 536 Non
370 478 482 536 tamen
496 493 592 538 omne
608 474 734 538 malum
750 473 874 539 miseris
889 494 948 538 nec
964 473 1115 539 funditus
1130 495 1246 539 omncs

243 576 263 609 “
278 577 454 664 Corporeac
471 580 634 644 excedunt
650 587 767 665 pestes,
784 580 980 665 penitusque
997 601 1125 644 necesse
1142 587 1193 645 eet

243 685 385 749 “Multa
400 685 458 749 diu
474 685 743 750 concreta'modis
759 685 930 750 inolescere
946 685 1044 750 miris.

243 791 365 877 “Ergo
381 799 573 856 exercentur
588 790 709 876 poenis,
726 801 939 875 veterumque
955 791 1115 855 malorum

243 896 264 928 “
280 895 449 982 Supplicia
464 897 678 982 expendunt:
704 897 787 960 aliae
803 898 995 983 panduntur
1009 897 1122 960 inanes
1237 894 1306 962 740

244 999 265 1031 “
280 1001 461 1086 Suspensae
477 1001 519 1066 ed
535 1009 658 1084 ventos,
675 1001 748 1066 51115
764 1001 825 1066 sub
841 1000 970 1085 gurgite
986 1009 1080 1065 vasto

244 1105 443 1172 “infectum
459 1106 583 1172 eluitur
598 1107 713 1191 scelus,
730 1115 789 1171 aut
805 1106 956 1171 exuritur
970 1106 1047 1192 igni.

244 1210 426 1296 “Quisque
442 1233 515 1278 snos
531 1211 676 1296 patimur
691 1211 805 1276 Manes
820 1232 827 1278 :
854 1211 971 1276 exinde
986 1233 1044 1297 per
1059 1212 1209 1298 amplum

244 1315 264 1348 “
276 1316 443 1382 Mittimur
458 1317 619 1402 Elysium,
638 1324 672 1382 et
687 1317 786 1404 pauci
800 1317 888 1382 loeta
903 1339 982 1382 arva
997 1325 1147 1383 tenemus
1161 1338 1170 1400 ;

246 1420 267 1453 “
283 1421 394 1488 Donec
410 1423 507 1508 longa
522 1422 601 1506 dies,
618 1423 761 1508 perfecto
776 1423 932 1508 temporis
949 1424 1035 1504 orbe,
1239 1420 1306 1490 745

245 1525 265 1558 “
281 1527 473 1592 Ooncretam
489 1528 612 1594 exemit
626 1529 745 1612 labem,
762 1549 947 1614 purumque
963 1529 1117 1614 relinquit

246 1632 265 1663 “
279 1631 474 1696 Aetherium
490 1649 622 1698 sensum
638 1641 738 1718 atque
755 1633 848 1698 aurai
863 1633 1022 1720 simplicis
1037 1634 1156 1720 ignem.

246 1737 266 1769 ‘⁸'
280 1737 351 1802 Has
366 1759 487 1822 omnes,
505 1737 562 1804 ubi
577 1738 666 1803 mille
682 1745 788 1804 rotam
804 1739 928 1804 volvere
943 1761 1000 1824 per
1015 1761 1126 1822 annos,

246 1841 460 1908 “Lethaeum
475 1843 519 1908 ad
533 1843 672 1908 fluvium
686 1844 766 1908 deus
783 1852 896 1909 evocat
913 1844 1043 1930 agmine
1057 1865 1187 1930 magno,

247 1948 266 1981 ·‘
282 1947 412 2013 Scilicet
426 1947 630 2014 immemores
646 1969 764 2033 supera
779 1955 819 2012 ut
835 1969 978 2013 convexa
993 1948 1145 2032 revisant,
1243 1943 1311 2014 750

247 2054 408 2118 “Rursus
424 2061 458 2118 ct
473 2053 634 2139 incipiant
649 2053 684 2118 in
699 2075 830 2139 corpora
844 2055 926 2120 velle
942 2055 1088 2123 reverti.”

247 2158 387 2224 Dixerat
403 2157 572 2242 Anchises,
589 2166 771 2243 natumque
787 2179 918 2244 unaque
936 2159 1095 2245 Sibyllam

246 2263 434 2328 Conventus
451 2262 553 2327 trahit
569 2261 604 2326 15
619 2262 743 2328 medios
759 2264 955 2348 turbamque
971 2273 1150 2350 sonantem,

245 2368 292 2432 Et
307 2368 475 2432 tumulum
490 2367 590 2452 capit,
607 2368 694 2432 unde
710 2389 821 2433 omnes
836 2369 931 2454 longo
947 2369 1058 2434 ordine
1072 2377 1182 2454 posset

179 2459 181 2464 ¹
246 2475 408 2539 Adversos
423 2474 526 2559 legere
543 2481 577 2538 et
589 2473 778 2538 venientum
794 2474 915 2539 discere
931 2476 1051 2540 vultus.
1245 2473 1312 2541 755

247 2579 267 2610 “
281 2579 378 2643 Nunc
394 2600 463 2664 age,
483 2578 683 2644 Dardaniam
698 2578 822 2664 prolem
838 2599 921 2663 quae
937 2579 1053 2644 deinde
1070 2587 1228 2664 sequatur

247 2686 267 2718 “
282 2686 404 2770 Gloria,
422 2687 481 2771 qui
495 2694 650 2752 maneant
666 2685 754 2749 Itala
770 2686 810 2750 de
826 2693 923 2770 gente
939 2693 1084 2771 nepotes,

248 2791 269 2824 “
281 2793 429 2857 Illustres
445 2792 570 2856 animas
586 2799 800 2876 nostrumque
815 2791 851 2854 in
867 2813 985 2856 nomen
1000 2791 1114 2875 ituras,

248 2896 269 2930 “
283 2897 470 2982 Expediam
485 2895 593 2980 dictis,
612 2903 646 2961 et
664 2904 696 2960 15
713 2905 773 2960 155
787 2895 860 2960 1515
875 2897 1003 2962 docebo

248 3001 269 3034 “
280 3003 352 3086 Ille,
369 3001 471 3086 vides,
488 3023 572 3088 pura
583 3001 714 3086 juvenis
730 3000 787 3084 qui
803 3001 925 3064 nititur
939 3001 1045 3084 hasta,
1245 2998 1312 3068 760

249 3109 269 3141 “
283 3109 437 3174 Proxima
453 3116 537 3174 sorte
554 3114 644 3172 tenet
660 3107 742 3172 lucis
757 3107 837 3191 loca,
855 3106 980 3192 primus
997 3107 1039 3172 ad
1055 3128 1151 3172 auras

249 3213 269 3246 “
282 3212 456 3278 Aetherias
472 3211 559 3276 Italo
575 3211 774 3277 commixtus
790 3210 947 3296 sanguine
964 3218 1084 3296 surget,

249 3319 269 3353 “
287 3319 419 3404 Silvius,
437 3319 608 3384 Albanum
623 3339 753 3402 nomen,
770 3324 830 3382 tua
845 3325 1000 3402 postuma
1015 3317 1141 3403 proles:

249 3424 270 3456 “
285 3425 390 3504 Quem
405 3423 469 3490 tibi
483 3424 638 3509 longaevo
653 3444 762 3487 serum
777 3421 915 3486 Lavinia
930 3420 1049 3506 conjux

252 3529 416 3595 “Educet
432 3530 521 3595 silvis
537 3551 646 3616 regem
661 3549 838 3614 regumque
854 3535 1047 3612 parentem:
1249 3528 1316 3597 765
1436 3547 1437 3568 ²

249 3633 270 3666 “
286 3633 383 3701 Unde
399 3655 501 3719 genus
517 3633 629 3719 Longa
646 3641 794 3699 nostrum
810 3632 1031 3696 dominabitur
1047 3633 1144 3700 Alba.

251 3739 459 3804 “Proximus
475 3737 529 3802 ille
546 3739 675 3821 Procas,
694 3737 853 3823 Trojanae
870 3738 971 3822 gloria
986 3738 1103 3824 gentis,

250 3843 329 3909 “Et
347 3843 457 3928 Capys
473 3852 506 3906 et
523 3842 687 3926 Numitor,
701 3850 736 3906 et
752 3841 809 3926 qui
823 3848 859 3906 15
874 3843 1004 3908 5515155
1020 3844 1133 3908 reddet

251 3946 272 3979 “
287 3947 407 4012 Silvius
423 3945 560 4029 Aeneas,
577 3945 700 4029 pariter
715 3946 839 4030 pietate
855 3946 908 4011 vel
923 3948 1020 4012 armis
