2838 4522
224 303 268 371 64
581 314 751 363 rhamnos
774 313 838 363 nra.
864 313 912 363 111.

134 495 147 505 ’
225 481 320 546 Dona
335 478 453 545 dehinc
469 497 547 542 auro
562 476 673 564 gravia
688 482 840 560 sectoque
856 475 1030 561 elephanto

223 587 369 672 Imperat
387 585 430 650 ad
445 605 543 650 naves
558 584 644 668 ferri,
662 582 831 668 stipatque
847 580 965 646 cerinis
1221 579 1286 647 465

224 692 344 775 Ingens
359 697 533 776 argentum
551 687 806 771 Dodonaeosque
822 686 957 770 lebetas,

224 795 372 861 Loricam
389 801 571 862 consertam
585 793 692 858 hamis
708 813 852 877 auroque
868 792 1017 875 trilicem,

224 901 271 966 Et
287 923 405 967 conum
420 900 555 986 insignis
570 901 681 986 galeae
698 899 876 984 cristasque
892 905 1069 982 comantes,

225 1005 328 1071 Arma
344 1005 561 1091 Neoptolemi.
610 1005 696 1072 Sunt
711 1012 745 1070 et
762 1025 822 1071 sua
836 1005 922 1070 dona
937 1003 1074 1090 parenti.

226 1109 333 1175 Addit
349 1131 459 1195 equos,
477 1110 635 1194 additque
651 1110 773 1191 duces3
1221 1103 1287 1173 470
1414 1151 1415 1196 ,

227 1214 417 1300 Remigium
432 1213 586 1300 supplet3
611 1213 712 1279 socios
728 1212 831 1279 simul
845 1213 980 1279 instruit
996 1211 1104 1279 armis.

292 1319 424 1384 Interea
440 1320 576 1384 classem
591 1319 671 1384 velis
686 1327 801 1404 aptare
813 1318 952 1404 jubebat

225 1423 397 1510 Anchises,
414 1424 508 1490 fieret
523 1431 621 1490 vento
636 1445 725 1490 mora
740 1445 781 1490 110
797 1444 863 1510 qua
877 1423 1003 1491 ferenti.

226 1529 333 1611 Quem
348 1529 473 1595 Phoebi
488 1529 649 1615 interpres
664 1531 772 1596 multo
788 1529 964 1616 compellat
980 1529 1121 1596 honore:
1415 1597 1416 1620 ,

227 1633 249 1667 “
263 1634 420 1721 Ocnjugio
436 1634 584 1702 Anchisa
601 1633 738 1701 Veneris
753 1635 887 1721 dignate
904 1635 1051 1721 supetb0,
1222 1631 1287 1702 475
1415 1683 1416 1722 ,

227 1738 249 1772 “
261 1739 348 1807 Oura
363 1741 471 1826 deum,
488 1740 539 1806 bis
556 1741 741 1826 Pergameis
757 1749 867 1827 erepte
883 1741 995 1826 ruinis,

228 1845 249 1879 “
261 1847 347 1912 Ecce
364 1847 427 1912 tibi
442 1847 607 1912 Ausoniae
623 1847 745 1915 tellus:
769 1848 853 1913 hanc
869 1847 974 1933 arripe
989 1847 1076 1914 velis.

228 1951 308 2017 “Et
324 1959 436 2018 tamen
451 1952 534 2018 hanc
551 1953 665 2039 pelago
681 1953 922 2038 praeterlabare
937 1975 1067 2018 necesse
1082 1960 1152 2019 est:

228 2055 430 2122 “Ausoniae
446 2078 522 2142 pars
537 2057 595 2121 illa
610 2057 734 2143 procul,
751 2079 852 2143 quam
867 2057 984 2143 pandit
1001 2057 1130 2143 Apollo.

229 2161 250 2194 “
264 2161 390 2246 Vade,”
406 2161 454 2226 ait
472 2160 619 2227 “ofelix
633 2161 704 2226 nati
719 2162 867 2247 pictate!
916 2161 1004 2243 Quid
1020 2163 1109 2226 ultra
1222 2160 1288 2226 480
1416 2197 1417 2210 1

229 2266 250 2299 “
262 2266 432 2351 Provchor,
450 2273 484 2332 00
499 2266 597 2332 fando
613 2273 781 2352 surgentes
797 2267 944 2332 demoror
958 2275 1085 2332 austros
1097 2269 1114 2334 Ρ
1125 2269 1145 2296 ”

227 2371 297 2436 Nec
313 2371 422 2436 minus
439 2370 675 2454 Andromache,
693 2371 838 2456 digressu
853 2378 980 2436 maesta
995 2393 1160 2458 supreme,

227 2474 307 2540 Fert
322 2474 508 2560 picturatas
523 2474 595 2539 auri
611 2474 795 2540 subtemine
810 2481 916 2540 vestes

227 2579 274 2645 Et
291 2577 471 2664 Phrygiam
486 2577 628 2644 Ascanio
644 2578 860 2662 chlamydem,
876 2600 937 2644 nec
950 2578 1038 2644 cedit
1054 2578 1176 2664 honori,

229 2684 479 2770 'sextilibusque
494 2691 607 2750 onerat
622 2683 726 2768 donis,
743 2705 781 2749 ac
797 2683 879 2748 talia
894 2683 1004 2751 fatur:
1224 2683 1289 2752 485

228 2788 386 2876 “Accipe
403 2798 438 2855 et
458 2789 549 2873 haec,
562 2811 722 2854 manuum
738 2789 800 2854 tibi
816 2811 899 2875 quae
915 2797 1127 2856 monumenta
1143 2811 1291 2856 mearum

230 2894 250 2928 “
265 2896 349 2981 Sint,
367 2917 459 2982 puer,
474 2903 507 2960 et
523 2896 659 2982 longum
675 2895 925 2961 Andromachae
940 2901 1106 2962 testentur
1121 2917 1273 2980 amorem,

230 3000 252 3034 “
266 3001 419 3088 Oonjugis
436 3001 625 3086 Hectoreae,
643 3023 722 3087 cape
738 3002 823 3066 dona
840 3007 988 3066 extrema
1003 3008 1147 3087 tuorum,

229 3105 292 3173 “O
310 3106 392 3173 mihi
407 3107 473 3172 sola
488 3105 554 3171 mei
569 3127 665 3192 super
679 3106 891 3192 Astyanactis
905 3105 1021 3192 imago.

230 3213 251 3246 “
266 3213 318 3280 Sic
335 3212 454 3298 oculos,
472 3212 517 3278 sic
532 3212 587 3277 illc
602 3233 730 3296 manus,
748 3211 794 3277 sic
810 3235 865 3277 ora
880 3212 1017 3296 ferebat,
1223 3209 1292 3277 490

230 3319 252 3353 “
264 3320 311 3385 Et
326 3341 413 3385 nunc
430 3318 560 3404 aequali
577 3325 686 3384 tecum
701 3319 892 3404 pubesceret
908 3319 1017 3383 aevo,’'

230 3425 299 3490 Hos
314 3447 373 3511 ego
390 3424 571 3511 digrediens
586 3423 728 3490 lacrimis
744 3422 869 3487 affabar
881 3421 1019 3487 obortis:

230 3528 251 3562 “
264 3529 376 3594 Vivite
392 3528 510 3614 felices,
529 3528 646 3614 quibus
663 3536 714 3594 est
728 3527 862 3593 fortuna
876 3533 1008 3612 peracta

230 3633 251 3667 “
264 3633 345 3698 Jam
362 3639 440 3700 sual
466 3633 536 3698 Nos
552 3634 616 3698 alia
631 3656 671 3698 ex
687 3633 759 3697 aliis
774 3632 809 3696 in
823 3631 895 3696 fata
910 3651 1064 3696 vocamur
1073 3651 1082 3713 3

230 3739 367 3806 “Vobis
383 3746 479 3826 parta
496 3740 605 3824 quies:
630 3740 758 3803 nullum
773 3736 873 3802 maris
888 3758 1007 3822 aequor
1022 3737 1194 3822 arandum,
1225 3735 1296 3804 495

231 3843 252 3878 “
265 3844 356 3909 Arva
370 3864 475 3929 neque
490 3842 653 3908 Ausoniae
669 3863 797 3928 semper
812 3842 961 3908 cedentia
977 3849 1061 3907 retro

231 3948 252 3982 “
263 3949 476 4042 Quaerenda3
501 3947 642 4034 effigiem
658 3947 790 4012 Xanthi
806 3947 1003 4034 Trojamque
1019 3946 1148 4032 videtis,
