2838 4522
271 279 311 344 18
649 293 910 342 111111111111.
936 295 957 341 1.

267 456 379 538 Qualis
394 455 429 519 in
445 455 587 520 Eurotae
603 453 682 540 ripis
698 462 758 518 aut
774 475 833 539 per
843 453 925 540 juga
939 453 1063 538 Cynthi

266 561 407 626 Exercet
423 560 534 625 Diana
551 560 672 643 choree,
686 581 786 645 quam
803 560 891 624 mille
908 566 1040 624 secutae

267 666 356 748 Hinc
368 673 469 752 atque
484 663 560 730 hine
576 664 798 749 glomerantur
813 662 1028 730 Oreades-illa
1043 663 1231 750 pharetram
1266 665 1334 730 500

266 770 348 835 Fert
364 770 510 854 humero,
524 769 737 854 gradiensque
753 769 831 833 deas
846 767 1066 854 supereminet
1082 789 1219 850 omnes;

268 876 416 943 Latonae
431 873 574 940 tacitum
588 882 780 960 pertentant
794 874 917 959 gaudia
932 879 1080 959 pectus-;

272 981 363 1045 Talis
376 987 445 1046 erat
462 979 560 1064 Dido,
577 979 680 1044 talem
696 1000 730 1044 se
746 979 835 1043 laeta
848 979 973 1044 ferebat

269 1087 334 1150 Per
349 1085 483 1171 medios,
499 1084 625 1150 instans
641 1083 730 1170 operi
745 1083 916 1169 regnisque
931 1083 1061 1150 futuris.

270 1191 361 1255 Tum
375 1191 500 1256 foribus
511 1189 614 1274 divae,
628 1189 737 1254 medie
751 1189 918 1255 testudine
933 1189 1061 1275 templi,

270 1300 371 1383 Septa
387 1296 497 1381 armis,
515 1295 738 1381 solioquealte
751 1295 901 1380 subnixa,
918 1296 1047 1362 resedit.

268 1403 292 1467 J
294 1424 352 1467 ura
367 1401 469 1466 dabat
485 1402 636 1486 legesque
651 1400 737 1484 viris,
755 1421 954 1486 operumque
969 1399 1113 1466 laborem
1197 1427 1202 1436 ·

242 1501 245 1506 ⁸
269 1507 426 1572 Partibus
438 1507 601 1591 aequabat
613 1505 712 1592 justis
728 1514 788 1570 aut
804 1513 890 1570 sorte
906 1505 1079 1572 trahebat:

272 1613 383 1694 Quum
398 1613 507 1678 subito
523 1611 651 1678 Aeneas
667 1631 824 1676 concursu
839 1611 989 1676 accedere
1004 1631 1123 1695 magno

272 1716 407 1781 Anthea
424 1717 676 1801 Sergestumque
692 1715 781 1780 videt
796 1715 976 1800 fortemque
994 1714 1197 1780 Cloanthum

272 1821 535 1906 Teucrorumque
552 1821 642 1906 alios,
660 1826 732 1884 ater
748 1841 828 1905 quos
843 1841 981 1906 aequore
997 1821 1093 1886 turbo

271 1927 462 2012 Dispulerat
478 1926 675 2012 penitusque
691 1927 771 1990 alias
786 1933 938 1990 avexerat
954 1946 1074 2058 1111)(

273 2031 460 2118 Obstupuit
477 2032 577 2097 simul
592 2031 672 2117 ipse,
690 2031 788 2096 simul
798 2051 968 2117 percussus
984 2031 1130 2096 Achates

271 2137 481 2222 Laetitiaque
497 2145 654 2222 metuque
669 2133 789 2204 :aridi
804 2132 997 2224 conjungere
1008 2131 1145 2202 ‘dextras

269 2242 440 2308 Ardebant
446 2263 456 2326 ;
480 2243 537 2308 1111
552 2264 601 2307 111
618 2242 743 2308 animos
758 2241 924 2328 incognita
939 2243 1062 2309 turbat.

271 2347 501 2432 Dissimulant‚
516 2355 550 2412 et
566 2348 653 2412 nube
665 2369 744 2411 cava
760 2349 972 2434 speculantur
987 2348 1110 2432 amicti,

272 2454 363 2534 Quae
378 2454 511 2518 fortuna
526 2453 613 2537 viris,
627 2453 763 2517 classem
779 2475 843 2538 quo
858 2453 951 2518 litore
966 2453 1129 2538 linquant,

273 2557 360 2638 Quid
374 2557 508 2622 veniant
524 2556 635 2622 cuncti
649 2577 657 2623 :
683 2579 761 2621 nam
773 2555 851 2638 lecti
865 2557 1004 2622 navibus
1019 2558 1122 2638 ibant,

193 2715 205 2735 ,
272 2661 414 2727 Orantes
426 2662 566 2746 veniam,
584 2670 617 2727 11
633 2663 795 2748 templum
810 2663 950 2727 clamore
961 2663 1127 2747 petebant.

271 2767 452 2851 Postquam
467 2767 653 2851 introgressi
669 2775 702 2832 et
718 2789 826 2832 coram
842 2767 922 2832 data
939 2767 1030 2852 copia
1046 2767 1160 2848 fandi3
1265 2811 1272 2830 .

273 2870 440 2935 Maximus
456 2871 598 2936 1111111111
614 2872 742 2956 placido
758 2871 803 2937 sic
816 2880 945 2957 pectore
961 2871 1066 2956 coepit
1083 2893 1090 2938 :

272 2973 336 3040 “0
354 2977 473 3061 regina,
491 2997 609 3042 novam
624 2979 679 3043 1111
693 2979 830 3044 condere
845 2977 980 3066 Jupiter
995 2977 1108 3041 urbem
1193 3012 1195 3016 ·

271 3079 293 3113 ‘⁴
302 3081 326 3145 J
329 3080 510 3166 ustitiaque
525 3083 616 3148 dedit
628 3093 743 3170 gentes
758 3084 881 3149 frenare
897 3085 1062 3169 superbas,

271 3183 292 3217 “
307 3185 407 3250 Troes
422 3185 456 3250 te
469 3187 588 3271 miseri,
605 3187 711 3253 ventis
723 3187 827 3253 maria
843 3189 951 3253 omnia
967 3189 1062 3272 vecti,

271 3289 292 3324 “
307 3290 446 3356 Oramus
461 3313 469 3358 :
493 3293 627 3378 prohibe
643 3294 791 3359 infandos
807 3317 827 3360 a
842 3295 979 3359 navibus
994 3294 1096 3378 ignee,

271 3393 292 3427 “
305 3395 407 3459 Parce
424 3394 477 3480 pio
488 3397 599 3482 generi
615 3406 647 3462 et
664 3397 797 3482 propius
813 3420 861 3463 res
877 3398 1008 3483 adspice
1025 3405 1160 3462 nostras.

271 3497 380 3564 “Non
397 3522 454 3565 nos
470 3508 530 3566 aut
545 3501 627 3567 ferro
642 3503 781 3587 Libycos
797 3505 951 3589 populare
968 3503 1108 3567 Penates

274 3601 295 3636 “
306 3602 478 3690 Venimus,
496 3614 555 3671 aut
571 3615 683 3692 raptas
699 3609 742 3672 ad
757 3608 855 3672 litora
870 3615 995 3673 vertere
1010 3607 1148 3692 praedas
1165 3627 1172 3673 :

272 3706 379 3773 “Non
395 3731 433 3774 ea
448 3711 497 3776 vis
513 3713 631 3796 animo,
648 3734 707 3778 nec
724 3721 819 3778 tanta
835 3713 985 3799 superbia
1001 3711 1106 3778 victis.

272 3813 371 3880 “Est
386 3816 488 3902 locus,
506 3817 700 3904 Hesperiam
715 3818 810 3884 Graii
825 3819 1014 3904 cognomine
1031 3818 1156 3899 dicunt,

272 3917 294 3954 “
309 3919 408 3984 Terra
424 3921 573 4006 antiqua,
591 3931 706 4008 potens
723 3923 822 3989 annis
837 3931 938 4008 atque
954 3924 1051 3988 ubere
1067 3923 1196 4010 glebae·
