2898 4518
512 351 682 400 assumes
706 353 772 402 LIB.
796 353 842 400 1v.

147 513 250 579 Talia
265 513 428 580 dicentem
440 511 638 599 jamdudum
654 533 765 578 aversa
780 519 902 596 tuetur,

148 621 231 686 Huc
246 620 326 685 illuc
342 621 473 686 volvens
489 619 608 703 oeulos,
625 627 798 703 totumque
814 624 955 704 pererrat

148 725 351 791 Luminibus
367 724 488 809 tacitis,
506 730 540 788 11
556 724 602 790 111
618 745 753 790 accensa
768 722 934 808 profatur:

151 832 172 862 “
187 829 259 894 Nec
275 829 337 894 tibi
351 829 427 894 diva
442 849 569 914 parens,
586 827 711 914 generis
726 849 785 892 nec
802 827 977 892 Dardanus
992 832 1116 911 auctor,
1149 826 1215 892 365

150 934 173 966 “
188 933 318 998 Perfide
332 953 342 1016 ;
367 933 422 998 sed
437 932 528 997 duris
542 932 657 1018 genuit
673 939 709 997 te
724 931 876 997 cautibus
890 930 1022 996 horrens

151 1038 175 1072 “
191 1038 368 1122 Caucasus,
386 1037 625 1122 Hyrcanaeque
641 1039 817 1102 admorunt
833 1036 934 1099 ubera
949 1035 1059 1120 tigres.

151 1143 281 1208 “Nam
296 1145 375 1229 quid
391 1143 570 1227 dissimulo,
587 1151 645 1208 aut
662 1163 745 1227 quae
761 1161 814 1205 me
830 1141 874 1206 ad
889 1139 1011 1225 majora
1026 1140 1179 1204 reservo?

151 1250 281 1314 “Num
295 1250 378 1316 fletu
392 1249 555 1337 ingemuit
570 1250 706 1314 nostro?
732 1269 813 1312 num
828 1246 954 1312 lumina
968 1244 1090 1310 flexit?
1148 1245 1213 1309 369

152 1355 176 1387 “
190 1355 283 1420 Num
298 1355 451 1421 lacrimas
463 1354 570 1420 victus
582 1353 684 1438 dedit,
696 1361 755 1418 aut
768 1353 941 1418 miseratus
954 1359 1123 1416 amantem
1135 1351 1212 1415 est?

151 1459 174 1494 “
186 1461 279 1542 Quae
289 1461 408 1546 quibus
420 1460 627 1526 anteferam?
641 1460 665 1525 J
667 1482 720 1524 am
732 1459 802 1545 jam
814 1481 873 1524 neo
885 1456 1028 1522 maxima
1037 1456 1061 1521 J
1062 1479 1137 1540 uno,
1149 1452 1212 1522 371
1248 1491 1251 1496 ·

152 1566 175 1599 “
189 1565 260 1632 Nec
279 1565 454 1633 Saturnius
468 1565 547 1630 haec
564 1564 667 1631 oculis
682 1572 777 1651 pater
792 1563 933 1650 adspicit
949 1561 1069 1647 aequis.

152 1671 365 1757 “Nusquam
380 1678 456 1736 tuta
467 1670 556 1737 fides.
603 1670 758 1755 Ejectum
773 1669 877 1753 litore,
895 1676 1045 1754 egentem

153 1776 314 1861 “Excepi
329 1783 363 1840 et
379 1774 471 1860 regni
485 1775 617 1840 demens
632 1775 668 1839 111
683 1782 777 1860 parte
793 1773 920 1856 locavi3

152 1879 174 1912 “
189 1879 358 1944 Amissam
373 1878 520 1962 classem,
538 1877 638 1944 socios
654 1899 674 1942 a
688 1886 791 1944 morte
808 1877 924 1944 reduxi
934 1899 960 1944 :·
1149 1873 1216 1942 375

140 1984 175 2056 ,“
185 1983 264 2048 Heu
278 1984 372 2049 furiis
386 1983 519 2048 incensa
533 1983 617 2048 feror
629 1988 655 2050 1-
667 2004 754 2047 nunc
771 2004 876 2069 augur
892 1981 1021 2068 Apelle,

152 2088 284 2154 “Nunc
301 2088 420 2173 Lyciae
437 2095 547 2171 sortes,
564 2109 654 2152 nunc
671 2095 705 2152 et
720 2087 803 2154 Jove
818 2087 936 2152 missus
952 2087 995 2152 ab
1011 2086 1082 2171 ipso

153 2193 175 2227 “
188 2193 357 2279 Interpres
372 2191 486 2258 divum
500 2191 564 2256 fert
580 2191 709 2258 horrida
719 2192 812 2278 jussa
827 2213 885 2277 por
900 2212 1003 2258 auras.

153 2296 321 2364 “Scilicet
335 2297 364 2362 is
380 2295 505 2383 superis
520 2295 611 2361 labor
626 2304 686 2380 est,
704 2318 743 2360 ea
759 2317 836 2362 cura
853 2295 980 2381 quietos

153 2404 174 2436 “
189 2402 361 2470 Sollicitat.
409 2401 527 2487 Neque
543 2409 577 2466 11
589 2409 695 2487 teneo,
712 2423 817 2487 neque
833 2402 924 2468 dicta
936 2400 1055 2467 refello.
1147 2401 1214 2466 380

152 2508 174 2541 “
184 2508 214 2592 Ι,
232 2528 363 2592 sequere
379 2507 513 2572 Italiam
528 2507 654 2574 ventis!
680 2515 755 2593 pete
771 2528 870 2593 regna
884 2528 943 2593 per
957 2507 1084 2573 undas!

152 2718 173 2751 “
188 2718 357 2804 Supplicia
371 2718 555 2782 hausurum
571 2717 721 2804 scopulis,
739 2726 773 2782 11
789 2718 919 2783 nomine
936 2719 1023 2784 Dido

151 2823 174 2855 “
187 2823 292 2908 Saepe
308 2829 508 2888 vocaturum.
556 2823 681 2906 Sequar
695 2821 774 2887 atris
789 2823 920 2908 ignibus
935 2823 1062 2906 absens,

97 2953 101 2964 ·
152 2926 172 2959 “
186 2926 245 3012 Et,
263 2947 366 3012 quum
381 2927 499 3012 frigida
514 2948 599 2992 mors
615 2927 724 2992 anima
741 2928 905 2992 seduxerit
922 2936 1022 3012 artus,
1145 2929 1211 2995 385

152 3031 175 3064 “
190 3029 353 3097 Omnibus
368 3031 486 3096 umbra
501 3029 579 3096 locis
594 3030 699 3098 adero.
748 3031 862 3116 Dabis,
880 3031 1034 3117 improbe,
1051 3054 1179 3117 poenas.

152 3134 174 3167 “
187 3133 346 3218 Audiam,
363 3141 397 3199 et
413 3133 492 3199 haec
509 3133 623 3200 Manes
639 3135 747 3200 veniet
763 3135 844 3200 mihi
858 3135 946 3200 fama
963 3135 1024 3200 sub
1040 3136 1150 3202 imos.'’

152 3238 215 3303 His
231 3239 376 3303 medium
390 3238 487 3304 dictis
503 3259 680 3304 sermonem
695 3241 875 3325 abrumpit,
889 3247 923 3305 11
938 3261 1033 3304 auras

150 3342 263 3428 Aegra
277 3341 374 3427 fugit,
392 3362 489 3427 seque
505 3363 547 3406 ex
562 3343 662 3408 oculis
677 3344 797 3408 avertit
813 3353 846 3408 et
862 3344 978 3427 aufert,

150 3448 318 3532 Linquens
333 3448 440 3512 multa
454 3455 548 3512 metu
563 3455 775 3514 cunctantem
790 3455 824 3512 et
835 3449 943 3513 multa
958 3457 1129 3534 parantem
1145 3451 1210 3517 390

152 3551 280 3618 Dicere.
328 3551 519 3637 Suscipiunt
532 3552 686 3636 famulae,
703 3552 908 3636 collapsaque
924 3555 1069 3620 membra

151 3657 333 3722 Marmoreo
347 3654 489 3720 referunt
505 3655 649 3721 thalamo
665 3655 839 3740 stratisque
854 3665 1021 3742 reponunt.

219 3762 269 3827 At
284 3761 359 3846 pius
374 3760 515 3845 Aeneas,
532 3781 735 3845 quamquam
749 3761 850 3826 lenire
866 3761 1032 3828 dolentem

153 3866 294 3934 Solando
310 3864 402 3950 cupit
418 3873 452 3929 et
468 3864 565 3930 dictis
581 3857 723 3930 avertere
739 3887 844 3950 curas,

151 3971 261 4036 Multa
277 3989 408 4055 gemens
423 3989 605 4054 magnoque
620 3970 766 4034 animum
781 3970 963 4036 labefactus
978 3989 1098 4054 amore,
1144 3971 1210 4039 395
