2898 4518
263 317 328 382 130
622 336 793 384 arsames
816 336 879 384 nra.
906 336 952 384 vr.

235 575 246 594 ⁶
264 494 286 527 “
299 493 532 580 Transportare
548 495 647 580 prius,
665 517 765 580 quam
782 495 911 561 sedibus
926 517 998 560 ossa
1013 496 1177 580 quierunt.

264 599 446 666 “Centum
461 607 571 665 errant
586 622 688 667 annos
704 601 908 686 volitantque
923 601 1003 666 haec
1018 601 1115 665 litora
1131 601 1256 666 circum
1271 622 1280 683 3

265 705 286 738 “
300 705 388 770 Tum
404 706 537 769 demum
552 705 685 770 admissi
701 713 818 792 stagna
831 714 987 791 exoptata
1002 704 1178 772 revisunt.''
1260 707 1324 770 330

265 810 424 878 Constitit
440 810 586 875 Anchisa
603 818 694 876 satus
710 818 743 874 et
760 810 899 896 vestigia
916 810 1042 895 pressit,

265 915 373 980 Multa
390 922 520 1000 putans,
538 922 721 1000 sortemque
737 915 845 979 animo
862 914 1036 980 miseratus
1050 915 1221 1000 iniquam:

265 1021 377 1089 Cernit
393 1021 440 1086 ibi
455 1027 595 1086 maestos
610 1028 644 1085 et
660 1021 774 1086 mortis
789 1021 908 1086 honore
924 1027 1069 1085 carentes

265 1125 460 1212 Leucaspim
475 1133 509 1190 et
525 1124 643 1209 Lyciae
658 1125 829 1189 ductorem
845 1124 957 1190 classis
973 1123 1128 1206 Oronten,

265 1231 362 1312 Quos,
382 1231 482 1318 simul
497 1251 517 1294 a
534 1229 630 1315 Troja
645 1237 781 1295 ventosa
796 1249 1008 1315 persequere
1023 1235 1145 1312 vectos,
1262 1230 1325 1296 335

267 1334 386 1402 Obruit
402 1335 536 1419 Auster,
554 1355 640 1420 aqua
655 1335 821 1400 involvens
836 1355 1018 1419 navemque
1033 1334 1191 1418 virosque.

334 1441 419 1506 Ecce
435 1441 633 1528 gubernator
648 1461 716 1506 sese
733 1441 909 1505 Palinurus
925 1441 1056 1526 agebat,

266 1547 332 1627 Qui
347 1545 470 1632 Libyco
485 1567 590 1632 nuper
604 1567 712 1630 cursu,
730 1547 810 1610 dum
826 1545 929 1611 sidera
946 1551 1064 1628 servat,

265 1650 442 1716 Exciderat
458 1650 563 1736 puppi
578 1649 693 1715 mediis
709 1649 830 1716 effusus
842 1649 877 1714 in
893 1649 998 1716 undis.

266 1755 366 1820 Hunc
383 1755 440 1820 ubi
456 1755 511 1820 vix
526 1756 634 1820 multa
649 1763 814 1822 maestum
829 1756 979 1841 cognovit
994 1755 1029 1820 in
1045 1755 1162 1820 umbra
1176 1776 1186 1837 ;
1262 1755 1327 1820 340

267 1860 320 1926 Sic
336 1859 421 1945 prior
436 1860 633 1945 alloquitur:
661 1859 682 1893 “
696 1861 776 1942 Quis
793 1869 836 1944 te,
854 1861 1019 1946 Palinure,
1037 1862 1171 1926 deorum

267 1962 432 2049 “Eripuit
447 1964 551 2048 nobis,
568 1964 739 2048 medioque
755 1965 815 2030 sub
831 1985 968 2049 aequore
984 1964 1124 2030 mersit?
1163 2011 1170 2016 -

267 2067 289 2100 “
303 2067 366 2133 Dic
382 2088 463 2154 age:
489 2089 630 2153 namque
648 2069 739 2154 mihi,
755 2069 857 2134 fallax
871 2070 960 2134 haud
975 2077 1052 2134 ante
1068 2076 1225 2154 repertus,

204 2242 208 2248 ,
271 2172 376 2238 “Hoc
391 2194 456 2239 uno
472 2195 623 2259 responso
638 2174 786 2238 animum
801 2173 922 2240 delusit
938 2174 1069 2260 Apelle,

268 2277 369 2359 “Qui
383 2278 450 2344 fore
466 2286 500 2343 te
516 2287 615 2363 ponto
631 2279 838 2364 incolumem,
855 2279 999 2364 finesque
1015 2279 1154 2344 canebat
1263 2273 1329 2347 3²15

268 2381 492 2448 “Venturum
508 2384 678 2450 Ausonios.
726 2383 779 2448 En
794 2384 874 2449 haec
891 2383 1048 2469 promissa
1062 2384 1142 2448 fides
1158 2391 1209 2448 est
1221 2389 1229 2451 i
1241 2385 1261 2413 ''

268 2487 330 2552 Ille
346 2494 481 2554 autem:
509 2486 657 2573 “Neque
673 2495 709 2553 te
725 2489 849 2554 Phoebi
864 2488 990 2553 eortina
1004 2488 1131 2572 fefellit,

268 2591 381 2657 “Dux
397 2591 605 2678 Anchisiade,
622 2614 682 2658 nec
697 2615 750 2658 me
766 2594 846 2658 deus
862 2613 998 2677 aequore
1014 2593 1146 2659 mersit:

269 2695 453 2782 “Namque
469 2697 703 2783 gubernaclum
718 2699 825 2762 multa
841 2697 874 2761 vi
889 2697 971 2761 sorte
988 2697 1162 2780 revulsum,

269 2799 290 2832 “
304 2799 367 2866 Oui
382 2801 480 2866 datus
495 2802 670 2868 haerebam
686 2809 795 2868 custos
812 2823 988 2886 cursusque
1004 2802 1162 2888 regebam,

269 2903 290 2936 “
303 2905 528 2990 Praecipitans
543 2905 630 2971 traxi
645 2927 783 2972 mecum.
831 2905 937 2970 Maria
952 2927 1068 2992 aspera
1079 2905 1164 2991 juro,

269 3009 291 3041 “
304 3008 380 3074 Non
395 3011 503 3074 ullum
517 3032 574 3096 pro
588 3031 642 3074 me
658 3007 792 3075 tahtum
807 3010 928 3096 cepisse
944 3011 1105 3095 timorem,

270 3114 291 3146 “
305 3115 413 3196 Quam
429 3123 546 3180 tuane
563 3116 704 3202 spoliata
720 3115 830 3200 armis,
849 3137 984 3181 excussa
1001 3115 1167 3200 magistro,

270 3218 291 3252 “
305 3219 467 3285 Deficeret
482 3219 587 3285 tantis
602 3219 695 3285 navis
711 3220 918 3306 surgentibus
933 3219 1038 3284 undis.
1085 3213 1096 3236 '

270 3323 386 3389 “Tres
402 3323 510 3389 Notus
524 3323 676 3390 hibernas
691 3325 849 3390 immensa
865 3347 923 3410 per
939 3345 1079 3409 aequora
1094 3331 1208 3389 noctes
1267 3326 1332 3392 355

270 3427 291 3461 “
304 3427 408 3494 Vexit
424 3450 478 3494 me
492 3429 654 3495 violentus
670 3451 776 3515 aqua3
800 3429 857 3494 vix
871 3429 995 3494 lumine
1011 3436 1128 3514 quarto

271 3531 293 3564 “
306 3532 462 3616 Prospexi
477 3532 614 3598 Italiam
630 3555 759 3599 summa
775 3533 923 3598 sublimis
940 3533 981 3597 ab
997 3533 1096 3598 unda.

271 3636 489 3701 “Paullatim
504 3637 667 3703 adnabam
682 3645 805 3721 terrae;
826 3637 897 3723 jam
912 3645 988 3702 tuta
1003 3637 1168 3721 tenebam,

271 3740 292 3774 “
303 3741 349 3806 Ni
365 3762 443 3827 gens
459 3742 597 3808 crudelis
612 3742 745 3807 madida
760 3764 836 3807 cum
851 3750 941 3806 veste
957 3749 1141 3828 gravatum,

273 3846 292 3880 “
306 3846 584 3930 Prensantemque
600 3847 693 3912 uncis
708 3847 859 3913 manibus
875 3847 984 3934 capita
996 3867 1110 3933 aspera
1121 3848 1258 3934 montis,
1270 3849 1335 3915 360

272 3950 292 3983 “
305 3950 402 4015 Ferro
417 3949 598 4034 invasisset,
616 3953 834 4037 praedamque
849 3953 962 4038 ignara
978 3959 1137 4038 putasset.
