2838 4522
273 307 318 374 52
632 323 804 370 Aruernos
827 325 892 374 nra.
917 326 968 374 111.

272 484 317 550 Vi
332 484 467 570 potitur.
514 483 601 566 Quid
616 465 684 549 non'
697 485 849 550 mortalia
863 493 997 571 pectora
1012 484 1112 570 cogis,

270 589 356 656 Auri
372 611 461 654 sacra
477 589 609 656 fames?
657 590 839 674 Postquam
854 611 955 676 pavor
969 611 1040 656 ossa
1056 589 1189 675 reliquit
1202 609 1214 673 ;

271 695 422 759 Delectos
437 694 552 779 populi
567 695 610 759 ad
625 716 773 780 proceres
787 695 994 779 primumque
1011 702 1184 778 parentem

271 799 421 864 Monstra
431 799 532 864 deum
547 799 646 864 refero
662 807 709 884 et,
725 821 808 884 quae
825 799 868 865 sit
884 799 1060 883 sententia,
1078 821 1183 886 posco.
1284 811 1294 826 ·

271 904 432 970 Omnibus
447 904 533 968 idem
546 904 683 987 animus,
702 905 859 970 scelerata
874 905 1029 970 excedere
1044 913 1141 989 terra,
1276 939 1278 942 ·
1294 904 1339 968 60

270 1011 392 1096 Linqui
408 1010 575 1096 pollutum
589 1010 771 1095 hospitium
787 1018 820 1074 et
836 1011 914 1076 dare
931 1009 1090 1076 classibus
1105 1017 1244 1076 austros.

271 1117 358 1202 l'lrgo
373 1117 595 1182 instauramus
611 1116 771 1200 Polydoro
785 1115 894 1200 funus,
911 1123 945 1182 et
960 1115 1075 1202 ingens

271 1222 448 1308 Aggeritur
462 1222 593 1287 tumulo
610 1221 730 1288 tellus:
757 1229 849 1288 stant
865 1220 1022 1288 Manibus
1037 1241 1112 1286 erae

273 1327 436 1394 Caeruleis
451 1335 594 1392 maestae
609 1327 699 1410 yittis
714 1317 851 1411 atraque
867 1347 1030 1412 cupress0,

271 1435 318 1499 llt
334 1433 456 1498 circum
472 1432 593 1498 Iliades
609 1431 732 1498 crinem
747 1431 788 1496 de
804 1452 891 1498 more
908 1431 1053 1512 solutae3
1296 1429 1339 1494 65

272 1539 447 1604 Inferimus
462 1537 572 1624 tepido
589 1537 780 1623 spumantia
795 1537 924 1620 cymbia
938 1536 1026 1600 lacte

274 1644 447 1730 Sanguinis
464 1650 497 1708 et
514 1642 596 1708 sacri
610 1649 752 1728 peteras,
769 1641 981 1726 animamque
996 1640 1144 1726 sepulcro

275 1750 464 1834 Oondimus,
477 1756 511 1814 et
527 1771 647 1834 magna
663 1769 854 1833 supremum
869 1769 947 1812 voce
963 1745 1096 1812 ciemus.

273 1853 369 1936 Inde,
387 1853 445 1918 ubi
461 1853 567 1939 prima
581 1853 662 1918 fides
677 1853 802 1938 pelage,
818 1852 1014 1937 placataque
1030 1851 1122 1916 venti

275 1959 367 2024 Dant
383 1959 497 2043 maria,
513 1966 548 2024 et
562 1958 644 2022 lenis
661 1957 824 2043 crepitans
840 1965 936 2022 vocat
952 1964 1064 2024 auster
1076 1957 1112 2022 in
1127 1955 1249 2040 altum,
1295 1951 1339 2021 70

275 2065 455 2129 Deducunt
471 2062 548 2128 socii
563 2082 661 2127 naves
677 2068 712 2126 et
726 2061 823 2128 litora
838 2061 1015 2146 complent.

275 2168 488 2234 Provehimur
503 2174 612 2252 portu,
630 2174 799 2252 terraeque
816 2165 977 2250 urbesque
993 2165 1157 2231 recedunt.

345 2275 443 2341 Sacra
459 2272 542 2338 mari
558 2273 676 2338 colitur
692 2271 800 2338 medio
816 2271 1004 2357 gratissima
1017 2271 1116 2336 tellus

276 2379 455 2444 Nereidum
472 2377 571 2442 matri
586 2384 620 2442 θῇ
632 2375 790 2462 Neptuno
806 2376 949 2461 Aegaeo,

277 2487 385 2566 Quam
399 2483 474 2569 pins
490 2482 696 2566 Arcitenens,
713 2505 784 2548 oras
799 2482 944 2548 etlitora
959 2481 1084 2547 circum
1296 2473 1338 2544 75

276 2589 460 2670 Errantem,
478 2586 650 2671 Myconos
667 2587 752 2652 celsa
769 2585 941 2670 Gyaroque
957 2583 1110 2666 revinxit,

277 2695 520 2776 immotamque
537 2692 598 2758 coli
614 2691 707 2757 dedit
723 2698 756 2756 et
772 2698 979 2758 contemnere
994 2697 1110 2755 ventos
1126 2710 1134 2756 :

277 2802 353 2867 Huc
369 2801 475 2884 feror3
499 2802 578 2866 haec
593 2801 692 2868 fessos
709 2808 783 2866 tuto
799 2799 1018 2887 placidissima
1032 2805 1128 2884 portu

277 2907 420 2993 Accipit.
468 2907 598 2992 Egressi
612 2928 807 2972 veneramur
821 2905 986 2991 Apollinis
1001 2905 1125 2970 urbem.

278 3014 350 3078 Rex
365 3012 484 3097 Anius,
501 3033 558 3076 rex
573 3012 661 3078 idem
676 3011 848 3078 hominum
864 3011 1054 3096 Phoebique
1070 3009 1228 3093 sacerdos,
1295 3007 1337 3071 80

278 3118 384 3184 Vittis
400 3125 434 3182 et
450 3139 540 3182 sacra
556 3117 726 3182 redimitus
742 3125 890 3202 tempora
906 3117 1011 3200 lauro,

279 3221 438 3305 Occurrit,
454 3227 598 3286 veterem
613 3219 781 3284 Anchisen
796 3219 943 3305 agnoscit
959 3203 1125 3284 amicum}

278 3329 301 3394 J
304 3327 458 3414 ungimus
472 3325 614 3410 hospitio
629 3325 775 3406 dextras,
793 3331 827 3389 et
842 3331 931 3389 tecta
947 3324 1103 3389 subimus.

280 3432 418 3518 Templa
433 3431 486 3497 dei
501 3453 578 3497 saxo
594 3429 770 3496 venerabar
785 3437 911 3494 structa
925 3435 1077 3494 vetusto:

280 3538 301 3572 “
316 3539 369 3602 Da
384 3536 559 3622 propriam,
578 3535 792 3620 Thymbraee,
805 3534 958 3601 domum!
978 3533 1031 3598 Da
1046 3531 1177 3596 moenia
1192 3529 1280 3595 fessis
1295 3529 1336 3593 85

281 3642 361 3707 “Et
377 3663 478 3726 genus
494 3647 528 3704 et
544 3660 733 3705 mansuram
748 3639 863 3703 urbem
877 3643 885 3706 l
928 3637 1027 3704 Serva
1042 3637 1146 3701 altera
1163 3635 1276 3719 Trojse

281 3747 303 3782 “
315 3748 486 3832 Pergama,
503 3744 658 3828 reliquias
675 3744 830 3808 Danaum
845 3751 945 3828 atque
961 3741 1100 3806 immitis
1115 3739 1249 3806 Achilli.

282 3853 303 3886 “
317 3853 423 3934 Quem
438 3849 614 3935 sequimur,
631 3871 734 3934 quove
749 3849 796 3914 ire
807 3848 913 3934 jubes,
930 3847 989 3912 ubi
1004 3867 1123 3933 ponere
1139 3845 1258 3910 sedes?

283 3958 304 3992 “
319 3958 382 4043 Da,
398 3964 502 4043 pater,
519 3955 704 4040 augurium,
721 3962 821 4039 atque
836 3953 955 4018 animis
969 3953 1103 4018 illabere
1118 3949 1238 4015 nostris
1251 3949 1280 4016 1’'
