2922 4516
266 319 332 386 292
622 334 791 381 snunmos
813 334 886 380 nm·
905 333 965 382 xu.

268 495 289 529 “
302 495 378 560 Neu
393 495 466 580 quis
482 495 523 561 ob
538 494 709 579 inceptum
724 493 872 559 subitum
887 491 970 558 mihi
985 491 1110 577 segnior
1124 489 1180 558 ito.

268 598 290 632 “
304 599 428 665 Urbem
442 599 547 684 hodie,
564 619 698 664 causam
712 598 801 681 belli,
818 619 918 682 regna
932 597 1004 682 ipsa
1019 595 1143 682 Latini,

268 704 288 736 “
301 703 347 769 Ni
361 704 490 770 frenum
506 704 651 789 accipere
668 711 703 768 et
717 703 798 768 victi
813 723 925 788 parere
940 703 1098 787 fatentur,

268 808 288 842 “
300 808 435 893 Ilruam,
453 816 486 874 et
502 829 607 894 aequa
623 809 688 874 solo
703 808 866 872 fumantia
881 808 1025 872 culmina
1040 829 1169 893 ponam.

268 911 434 978 “Scilicet
449 921 645 998 exspectem,
661 913 763 978 libeat
778 912 995 997 dumproelia
1011 912 1121 976 Turno
1190 955 1194 962 -
1257 909 1326 979 570
1376 983 1380 988 ,

267 1015 421 1082 “Nostra
435 1017 518 1103 pati,
535 1038 709 1102 rursusque
724 1016 804 1082 velit
820 1038 1003 1082 concurrere
1020 1017 1159 1083 victus?

267 1119 288 1151 “
301 1119 372 1186 Hoc
389 1129 501 1208 caput,
519 1143 538 1187 o
553 1122 649 1205 cives,
668 1122 747 1186 haec
762 1121 841 1186 belli
857 1141 985 1186 summa
999 1121 1137 1188 nefandi.

268 1224 398 1291 “Ferte
413 1225 499 1292 faces
515 1247 658 1312 propere,
675 1226 852 1311 foedusque
868 1226 1025 1311 reposcite
1041 1225 1181 1291 flammis
1193 1233 1201 1294 1
1213 1227 1233 1256 '³

267 1329 415 1416 Dixerat,
432 1340 532 1417 atque
548 1330 666 1396 animis
681 1327 804 1416 pariter
815 1331 1018 1396 certantibus
1033 1351 1145 1396 omnes

267 1433 358 1499 Dant
375 1455 527 1519 cuneum,
544 1435 708 1518 densaque
724 1433 767 1498 ad
783 1453 892 1498 muros
907 1434 991 1498 mole
1006 1433 1164 1499 feruntur.
1256 1431 1326 1500 575

268 1539 380 1606 Scalae
395 1539 579 1624 improvise,
597 1539 791 1623 subitusque
808 1537 962 1623 apparuit
978 1537 1071 1623 iguis.

267 1642 463 1708 Discurrunt
480 1643 536 1708 alii
551 1643 594 1708 ad
609 1650 729 1727 portas,
747 1641 932 1727 primosque
947 1641 1119 1707 trucidant
1133 1663 1142 1724 ;

265 1747 403 1812 Ferrum
418 1747 475 1811 alii
490 1754 643 1832 torquent
658 1754 692 1811 et
708 1746 905 1812 obumbrant
920 1746 1052 1812 aethera
1067 1747 1150 1813 telis.

267 1850 447 1936 Ipseiuter
461 1849 583 1936 primos
598 1851 748 1915 dextram
765 1850 825 1914 sub
841 1848 969 1914 moenis
985 1850 1094 1914 tendit

266 1956 404 2040 Aeneas,
420 1976 604 2041 magnaque
619 1954 750 2020 incusat
764 1975 841 2019 voce
856 1954 1024 2038 Latinum,
1257 1947 1337 2022 580Ι

268 2059 488 2144 Testaturque
503 2059 589 2142 deos,
606 2059 726 2123 iterum
742 2079 775 2122 se
792 2059 834 2122 ad
850 2058 972 2143 proelia
986 2059 1067 2144 cogi,

268 2164 325 2229 Bis
337 2164 407 2250 jam
423 2163 525 2230 Italos
540 2163 659 2248 hostes,
676 2163 755 2228 haec
767 2163 838 2248 jam
855 2164 959 2228 altera
973 2164 1099 2229 foedera
1115 2163 1232 2250 rumpi.

266 2268 422 2334 Exoritur
436 2268 578 2355 trepidos
594 2267 680 2333 inter
695 2268 855 2333 discordia
870 2268 973 2335 cives:

267 2373 393 2438 Urbem
409 2373 466 2438 alii
481 2395 621 2438 reserare
633 2372 751 2458 jubent
767 2379 800 2436 et
816 2372 958 2457 pandere
974 2381 1085 2458 portas

267 2477 474 2561 Dardanidis,
490 2477 664 2562 ipsumque
681 2477 818 2541 trahunt
833 2476 869 2540 in
883 2477 1011 2542 moenia
1026 2499 1133 2563 regem
1145 2499 1154 2561 ;
1260 2481 1327 2549 585
1454 2507 1455 2516 ’

266 2581 369 2646 Arma
383 2580 491 2645 ferunt
507 2581 564 2644 alii
580 2589 614 2645 et
628 2587 769 2665 pergunt
786 2579 956 2645 defendere
972 2602 1098 2649 muros:

266 2685 414 2750 Inclusas
430 2693 469 2749 ut
485 2705 589 2769 quum
604 2685 764 2750 latebroso
779 2685 814 2748 in
829 2685 959 2770 pumice
974 2693 1086 2771 pastor

266 2789 452 2874 Vestigavit
468 2811 555 2875 apes,
572 2789 727 2874 fumoque
742 2789 891 2875 implevit
906 2811 1016 2856 amaro
1030 2811 1039 2872 ;

267 2895 349 2958 Illae
359 2893 451 2958 intus
467 2893 612 2979 trepidae
628 2915 735 2958 rerum
750 2915 915 2978 parceres
931 2901 1037 2958 castra

267 2998 477 3082 Discurrunt,
494 2998 685 3082 magnisque
701 3004 826 3062 acuunt
842 2997 1032 3064 stridoribus
1047 2999 1133 3080 iras;
1260 3001 1328 3067 590

267 3091 421 3167 Volvitur
436 3110 507 3167 ater
521 3104 598 3167 odor
612 3103 709 3168 tectis
723 3123 732 3184 ;
757 3110 832 3167 tum
847 3124 1012 3167 murmure
1029 3125 1123 3168 caeco

269 3206 366 3271 Intus
383 3227 461 3271 saxa
477 3213 602 3290 sonant,
619 3227 739 3271 vacuas
755 3206 783 3271 it
798 3205 907 3271 fumus
924 3207 966 3270 ad
982 3227 1086 3272 aures.

333 3311 466 3376 Accidit
481 3311 562 3376 baec
576 3311 668 3378 fessis
683 3311 786 3376 etiam
800 3311 932 3377 fortuna
947 3310 1086 3396 Latinis,

269 3418 358 3498 Quae
374 3424 481 3482 totam
495 3416 590 3481 luctu
605 3416 766 3482 concussit
780 3415 932 3482 funditus
947 3417 1071 3484 urbem.

142 3565 153 3586 .
268 3520 394 3606 Regius
409 3529 448 3586 ut
463 3521 562 3586 tectis
577 3521 761 3586 venientem
777 3519 934 3606 prospicit
949 3519 1089 3604 hostem,
1259 3522 1327 3588 595

267 3625 391 3691 Incessi
405 3647 524 3711 muros,
540 3626 631 3712 ignes
646 3627 688 3690 ed
703 3633 793 3690 tecta
808 3625 925 3708 volare,

268 3728 441 3813 Nusquam
457 3731 542 3795 acies
557 3737 669 3795 contra
685 3729 839 3813 Rutulas,
857 3729 948 3793 nulla
963 3728 1095 3814 agmina
1111 3729 1239 3812 Turui;

268 3833 389 3899 Infelix
404 3855 531 3920 pugnae
543 3835 697 3918 juvenem
711 3833 747 3898 in
762 3833 937 3900 certamine
954 3833 1058 3899 credit

269 3937 494 4021 Exstinotum,
511 3945 555 4020 et,
573 3939 680 4005 subito
695 3945 840 4004 mentem
856 3939 992 4004 turbata
1007 3940 1125 4024 dolore,
