2944 4522
520 337 691 386 hartmuot
714 339 778 386 LIB.
806 338 852 386 XL

166 499 342 586 Sanguinis
357 499 414 564 ille
429 520 561 564 vomens
577 499 661 564 rivos
677 499 778 582 cadit,
796 505 895 583 atque
912 503 1085 563 cruentam

166 605 298 669 Mandit
312 605 464 688 humum,
481 603 683 688 moriensque
701 625 757 668 suo
774 625 806 668 se
822 602 857 667 in
873 603 1006 668 vulnere
1022 609 1139 679 versat.

151 737 153 740 ·
168 711 255 774 Tum
264 709 380 794 Lirim,
393 703 630 795 Pagasumque
639 731 744 794 super,
760 729 899 793 quorum
912 709 995 773 alter
1006 708 1151 774 habenas
1165 705 1231 776 670

169 815 311 882 Suffosso
327 816 493 880 revolutus
510 836 593 900 equo
613 816 693 879 dum
710 814 845 900 colligit,
865 816 950 880 alter

169 921 261 986 Dum
277 921 366 987 subit
382 943 420 986 ac
436 922 587 986 dextram
603 921 729 985 labenti
744 921 852 985 tendit
868 920 1036 1005 inermem,

169 1027 370 1113 Praecipites
386 1026 571 1113 pariterque
588 1033 699 1092 ruunt.
746 1025 809 1090 His
825 1025 919 1090 addit
935 1024 1132 1090 Amastrum

169 1131 396 1218 Hippotaden,
413 1131 625 1216 sequiturque
640 1130 832 1195 incumbens
847 1130 975 1195 eminus
990 1130 1087 1197 hasta
1167 1127 1233 1196 674

170 1234 339 1320 Tereaque
353 1235 645 1321 Harpalycumque
661 1234 959 1320 et'Demophoonta
976 1234 1208 1318 Obromimquc
1222 1256 1231 1317 ;

171 1340 322 1425 Quotque
339 1341 455 1405 emissa
470 1361 572 1404 manu
588 1339 743 1404 contorsit
761 1339 886 1425 spicula
902 1341 1001 1427 virgo,
1032 1378 1035 1384 ,
1168 1334 1232 1406 676

171 1446 236 1511 Tot
253 1445 390 1531 Phrygii
406 1445 547 1510 cecidere
563 1445 633 1512 viri.
680 1445 800 1510 Procul
816 1444 963 1530 Ornytus
979 1445 1077 1511 armis

170 1551 298 1636 Ignotis
314 1558 348 1616 et
364 1572 446 1636 equo
461 1557 596 1615 venator
610 1549 734 1636 Iapyge
747 1551 862 1634 fertur,

172 1654 238 1721 Oui
252 1654 348 1740 pellis
359 1655 445 1720 latos
460 1654 611 1720 humeros
627 1663 739 1740 erepta
750 1653 889 1739 juvenco

172 1759 352 1847 Pugnatcri
367 1759 483 1844 operit,
501 1767 602 1844 caput
617 1759 731 1845 ingens
747 1760 808 1825 oris
823 1760 933 1826 hiatus
1168 1759 1234 1825 680

171 1865 219 1929 Et
230 1865 342 1928 malae
357 1875 467 1929 texere
482 1864 554 1950 lupi
570 1887 646 1929 cum
662 1865 818 1931 dentibus
834 1866 927 1950 albis,

172 1968 385 2054 Agrestisque
401 1991 519 2034 manus
536 1977 641 2034 armat
659 1991 793 2056 sparus;
818 1971 887 2056 ipse
904 1970 1041 2036 catervis

173 2074 325 2140 Vertitur
339 2075 375 2139 in
389 2075 515 2160 mediis,
535 2083 569 2140 et
585 2083 655 2142 toto
670 2077 792 2142 vertice
808 2099 906 2162 supra
922 2084 981 2143 est.

173 2179 273 2245 Hunc
289 2181 346 2245 illa
362 2189 670 2267 exceptum-neque
687 2182 774 2246 enim
789 2175 880 2246 labo'r
895 2181 1024 2268 agmine
1040 2201 1131 2246 verso
1141 2217 1157 2231 -

173 2285 321 2371 Trajicit,
339 2293 373 2350 et
389 2307 485 2371 super
500 2285 580 2351 haec
595 2286 728 2352 inimico
743 2293 874 2372 pectore
889 2285 998 2353 satur:
1126 2337 1131 2346 .
1170 2285 1234 2351 685

173 2391 195 2425 “
211 2392 307 2459 Silvis
323 2399 368 2477 te,
387 2393 561 2477 Tyrrhena,
578 2392 662 2458 feras
678 2393 803 2479 agitare
818 2392 977 2478 putasti?

174 2497 357 2563 “Advenit
373 2497 431 2582 qui
446 2506 553 2564 vestra
568 2498 636 2564 dies
651 2498 864 2564 muliebribus
880 2497 981 2562 armis

175 2601 319 2667 “Verba
334 2602 545 2688 redarguerit.
592 2603 722 2668 Nomen
737 2610 850 2667 tamen
864 2602 953 2668 haud
968 2602 1038 2667 leve
1054 2609 1189 2687 patrum
1294 2635 1296 2638 ·

175 2707 364 2772 “Manibus
379 2707 439 2773 hoc
456 2709 579 2792 referes,
597 2708 664 2774 telo
680 2708 831 2774 cecidisse
849 2707 1035 2774 Oamillae.’'

175 2813 337 2878 Protenus
353 2811 558 2882 Orsilochum
574 2820 608 2877 et
625 2813 746 2896 Buten,
760 2814 824 2878 duo
836 2813 981 2878 maxima
995 2812 1160 2878 Teucrum
1171 2812 1237 2878 690

176 2917 326 3002 Corpora,
343 2916 399 3004 sed
416 2916 528 2982 Buten
543 2938 693 2982 aversum
709 2917 842 3002 cuspide
858 2916 933 2982 fixit

175 3024 324 3089 Loricam
340 3023 532 3109 galeamque
547 3024 644 3108 inter,
661 3045 727 3108 qua
743 3024 825 3088 colla
842 3024 982 3089 sedentis

174 3129 315 3212 Lucent,
331 3136 365 3194 et
380 3129 472 3194 laevo
487 3129 650 3214 dependet
666 3151 780 3216 parma
795 3130 936 3212 lacert03

174 3233 381 3316 Orsilochum
395 3233 524 3319 fugiens
539 3254 762 3320 magnumque
778 3234 906 3320 agitata
922 3254 979 3318 per
994 3235 1106 3297 orbem

173 3338 293 3404 Eludit
309 3359 385 3424 gyro
400 3337 544 3423 interior,
562 3339 772 3424 sequiturque
788 3343 992 3424 sequentem,
1174 3336 1240 3406 695

174 3446 265 3510 Tum
279 3444 423 3510 validam
438 3465 560 3530 perque
575 3465 665 3510 arma
680 3445 748 3511 viro
765 3465 885 3531 perque
901 3465 973 3510 ossa
988 3441 1137 3528 securim,

173 3549 287 3616 Altior
302 3570 489 3635 exsurgens,
507 3549 614 3615 oranti
629 3557 663 3615 et
679 3550 787 3615 multa
802 3548 951 3635 precanti

175 3654 417 3740 Congeminat:
442 3654 560 3719 vulnus
576 3654 680 3720 calido
696 3654 780 3740 rigat
796 3676 852 3719 ora
867 3654 1005 3720 cerebro.

173 3761 299 3828 Incidit
314 3759 404 3844 huic,
422 3759 593 3844 subitoque
609 3761 767 3846 adspectu
782 3759 918 3826 territus
933 3759 1040 3826 haesit

176 3863 439 3953 Apenninicolae
453 3863 594 3929 bellator
608 3863 695 3929 filius
711 3862 814 3950 Auni,
1173 3861 1241 3931 700

174 3969 277 4036 Haud
294 3967 457 4052 Ligurum
473 3975 649 4052 extremus,
667 3969 748 4034 dum
762 3968 872 4034 fallere
887 3969 959 4036 fata
975 3968 1136 4036 sinebant.
