2898 4518
229 335 273 402 88
588 347 761 400 rnunroos
784 351 850 400 urs.
874 351 921 401 m.

231 512 344 580 Saevit
360 533 451 578 amor
464 531 649 598 magnoque
664 512 785 578 irarum
800 511 945 577 fluctuat
961 517 1065 577 aestu.

231 619 283 686 Sic
299 619 378 684 adeo
393 617 524 701 insistit,
542 638 717 702 secumque
731 617 782 682 ita
797 617 890 683 corde
906 617 1054 682 volutat:

234 722 256 756 “
269 723 333 808 En,
350 723 431 809 quid
446 724 534 808 ago?
582 722 751 787 Rursusne
767 743 879 806 procos
894 722 987 787 irrisa
1003 721 1123 806 priores

232 826 255 860 “
269 826 441 913 Experiar,
458 825 713 910 Nomadumque
729 833 842 911 petam
856 825 1019 891 connubia
1035 825 1195 912 supplan,
1229 827 1299 893 535

231 931 252 963 “
267 932 355 1012 Quos
371 953 429 1018 ego
446 930 508 996 sim
524 930 620 995 toties
631 929 701 1016 jam
718 931 898 1016 dedignata
914 930 1049 996 maritos
1064 932 1128 992 Ρ·-

235 1035 256 1068 “
269 1036 386 1102 Iliacas
401 1035 503 1122 igitur·
517 1035 636 1100 classes
652 1042 753 1120 atque
769 1035 888 1101 ultima
904 1035 1070 1100 Teucrum

231 1140 251 1172 “
263 1141 287 1206 J
290 1163 365 1207 ussa
380 1161 497 1227 sequar
510 1141 526 1206 Ρ
552 1140 670 1224 quiana
686 1141 806 1205 auxilio
820 1140 915 1226 juvat
931 1147 1008 1205 ante
1024 1141 1159 1224 levatos,

231 1244 314 1311 “Et
330 1247 412 1311 bene
428 1246 517 1331 apud
532 1265 689 1310 memores
705 1244 822 1310 veteris
839 1253 906 1310 stat
922 1245 1028 1331 gratia
1042 1243 1122 1309 facti
1133 1246 1199 1311 Ρ-

232 1348 347 1431 “Quis
362 1371 414 1415 me
430 1351 612 1415 autem-fac
629 1349 824 1433 velle-sinet,
842 1349 1033 1436 ratibusque
1050 1351 1197 1436 superbis
1230 1349 1299 1418 540

232 1455 253 1487 “
266 1455 414 1520 Invisam
428 1455 593 1541 accipiet?
618 1455 732 1538 nescis,
749 1455 825 1538 heu,
842 1456 979 1541 perdita,
996 1458 1139 1521 necdum

232 1560 528 1626 “Laomedonteae
543 1561 644 1626 sentis
659 1561 799 1647 perjuria
815 1561 949 1647 gentis?

233 1666 254 1699 “
268 1667 355 1748 Quid
370 1669 474 1734 tum?
524 1667 600 1734 Sola
614 1667 694 1752 fuga
709 1675 827 1732 nautas
843 1668 1023 1733 comitabor
1038 1676 1182 1753 ovantes,

233 1771 253 1804 “
266 1772 323 1837 An
340 1772 447 1858 Tyriis
463 1771 615 1858 omnique
630 1792 733 1837 manu
748 1771 874 1858 stipata
889 1793 1035 1837 meorum

233 1872 254 1910 “
266 1877 393 1942 Inferar
407 1884 451 1961 et,
470 1899 550 1962 quos
567 1876 699 1943 Sidonia
714 1877 771 1940 vix
787 1877 866 1942 urbe
882 1877 1001 1961 revelli,
1230 1878 1298 1946 545

234 1981 393 2047 “Rursus
409 2003 506 2068 agam
521 1983 635 2068 pelago
650 1988 684 2046 et
700 1981 807 2047 ventis
822 1983 898 2047 dare
914 1983 986 2048 vela
997 1983 1119 2068 jubebo
1133 1986 1199 2050 Ρ-

234 2086 256 2120 “
269 2087 357 2168 Quin
372 2107 504 2170 morere,
520 2094 559 2150 ut
576 2086 693 2150 merita
709 2107 754 2171 es,
770 2086 917 2172 ferroque
933 2095 1045 2152 averte
1060 2089 1205 2154 dolorem
1218 2095 1226 2156 1

234 2194 255 2227 “
269 2195 333 2279 Tu,
349 2193 490 2259 lacrimis
506 2192 612 2258 evicta
627 2192 719 2276 meis,
737 2199 776 2258 tu
792 2193 897 2278 prima
912 2193 1078 2258 furentem

234 2297 255 2330 “
268 2298 341 2383 His,
358 2318 521 2384 germana,
539 2296 634 2361 malis
650 2317 772 2380 oneras,
791 2304 890 2381 atque
906 2296 1017 2382 objicis
1031 2297 1126 2364 hosti.

234 2402 256 2436 “
268 2403 301 2468 N
303 2425 345 2468 on
360 2402 454 2467 licuit
469 2400 609 2468 thalami
625 2409 793 2486 expertem
809 2401 878 2466 sine
894 2402 1028 2466 crimine
1044 2401 1150 2468 vitam
1231 2404 1297 2470 550

234 2507 254 2540 “
269 2509 404 2594 Degere,
420 2527 507 2572 more
522 2506 617 2590 ferae,
634 2506 716 2572 tales
732 2527 791 2573 neo
808 2515 939 2593 tangere
955 2513 1069 2574 curus!

235 2613 255 2646 ‘⁴
266 2613 342 2678 Non
358 2619 484 2678 servata
499 2611 589 2696 fides,
607 2610 706 2676 cineri
721 2611 877 2696 promissa
895 2612 1039 2696 Sychaeo
1053 2619 1060 2680 !
1073 2615 1092 2642 ’'

234 2718 359 2782 Tantos
374 2717 432 2781 illa
448 2738 505 2781 suo
521 2717 695 2802 rumpebat
710 2724 840 2802 pectore
857 2725 1000 2802 questus.

302 2821 432 2886 Aeneas
447 2821 533 2886 celsa
548 2820 583 2885 in
598 2821 714 2906 puppi,
728 2820 798 2906 jam
814 2831 923 2886 certus
939 2821 1048 2906 eundi,

235 2927 399 3012 Carpebat
415 2947 552 3010 somnos,
569 2926 664 2991 rebus
676 2925 747 3011 jam
762 2926 824 2992 rite
839 2927 974 3012 paratis.
1232 2931 1294 2996 555

235 3031 322 3097 Huic
339 3053 372 3097 se
387 3031 491 3096 forma
505 3029 560 3096 dei
574 3031 670 3096 vultu
685 3032 850 3098 redeuntis
866 3034 980 3098 eodem

235 3135 368 3201 Obtulit
383 3135 419 3199 in
435 3133 566 3217 somnis,
583 3155 758 3220 rursusque
774 3136 824 3200 ita
839 3137 907 3201 visa
923 3157 1052 3202 monere
1068 3145 1129 3221 cst,

237 3241 358 3307 Omnia
375 3239 536 3305 Mercurio
551 3238 677 3324 similis,
694 3261 872 3326 vocemque
888 3242 1090 3327 coloremque

235 3347 280 3410 Et
297 3346 400 3410 crines
416 3344 515 3410 flavos
531 3353 565 3409 et
580 3345 726 3410 membra
741 3347 855 3410 decora
866 3334 1026 3431 juventa:

236 3451 257 3484 “
271 3451 359 3516 Nate
375 3451 445 3534 dea,
464 3457 557 3535 potes
571 3450 631 3515 hoc
648 3451 708 3516 sub
724 3473 803 3516 casu
820 3453 935 3516 ducere
952 3473 1090 3536 somnos,
1229 3455 1294 3521 560

236 3556 257 3588 “
272 3556 353 3639 Nec,
371 3575 454 3640 quae
472 3564 504 3619 te
520 3554 644 3620 circum
659 3563 748 3620 stent
764 3556 881 3621 deinde
897 3557 1051 3642 pericula,
1069 3558 1184 3642 cernis,

236 3659 257 3694 “
269 3661 422 3742 Demens,
441 3681 499 3724 nec
515 3659 679 3744 Zephyros
694 3660 787 3725 audis
804 3661 923 3746 spirare
940 3663 1123 3728 secundos?

236 3765 331 3830 “Illa
346 3765 435 3830 (15155
450 3763 622 3848 dirumque
638 3763 728 3829 nefas
743 3764 778 3828 in
796 3774 926 3850 pectore
943 3773 1061 3851 versat,

236 3869 257 3906 “
272 3870 371 3936 05555
388 3868 478 3953 mori,
495 3869 647 3953 varioque
663 3867 785 3932 irarum
800 3869 942 3934 fluctuat
958 3879 1061 3938 aestu.

236 3974 258 4007 “
270 3974 346 4038 Nou
361 3973 446 4058 fugis
457 3972 533 4036 hinc
545 3992 708 4057 praeceps,
721 3973 801 4036 dum
814 3975 1027 4060 praecipitare
1039 3979 1215 4062 potestas?
1234 3978 1296 4046 565
