<?xml version="1.0" encoding="UTF-8"?>
<!DOCTYPE html PUBLIC "-//W3C//DTD XHTML 1.0 Transitional//EN"
    "http://www.w3.org/TR/xhtml1/DTD/xhtml1-transitional.dtd">
<html xmlns="http://www.w3.org/1999/xhtml" xml:lang="en" lang="en">
 <head>
  <title>
</title>
<meta http-equiv="Content-Type" content="text/html;charset=utf-8" />
  <meta name='ocr-system' content='tesseract 3.04.00' />
  <meta name='ocr-capabilities' content='ocr_page ocr_carea ocr_par ocr_line ocrx_word'/>
</head>
<body>
  <div class='ocr_page' id='page_1' title='image "./virgilsaeneidwi00virggoog_0266.png"; bbox 0 0 2944 4522; ppageno 0'>
   <div class='ocr_carea' id='block_1_1' title="bbox 261 319 951 394">
    <p class='ocr_par' dir='ltr' id='par_1_1' title="bbox 261 319 951 394">
     <span class='ocr_line' id='line_1_1' title="bbox 261 319 951 394; baseline 0.01 -8"><span class='ocrx_word' id='word_1_1' title='bbox 261 319 329 387; x_wconf 84' lang='lat'><strong>242</strong></span> <span class='ocrx_word' id='word_1_2' title='bbox 634 341 806 390; x_wconf 76' lang='lat' dir='ltr'><strong>Anunrnos</strong></span> <span class='ocrx_word' id='word_1_3' title='bbox 830 345 893 392; x_wconf 81' lang='lat' dir='ltr'><strong>ma.</strong></span> <span class='ocrx_word' id='word_1_4' title='bbox 916 345 951 394; x_wconf 73' lang='grc' dir='ltr'><strong>Χ.</strong></span> 
     </span>
    </p>
   </div>
   <div class='ocr_carea' id='block_1_2' title="bbox 160 500 1328 4062">
    <p class='ocr_par' dir='ltr' id='par_1_2' title="bbox 261 500 1328 807">
     <span class='ocr_line' id='line_1_2' title="bbox 263 500 1328 592; baseline 0.008 -24"><span class='ocrx_word' id='word_1_5' title='bbox 263 500 387 568; x_wconf 82' lang='lat' dir='ltr'><strong>Obvius</strong></span> <span class='ocrx_word' id='word_1_6' title='bbox 402 501 448 566; x_wconf 89' lang='lat' dir='ltr'><strong>ire</strong></span> <span class='ocrx_word' id='word_1_7' title='bbox 463 511 567 587; x_wconf 89' lang='lat' dir='ltr'><strong>parat.</strong></span> <span class='ocrx_word' id='word_1_8' title='bbox 615 503 730 568; x_wconf 86' lang='lat' dir='ltr'><strong>Manet</strong></span> <span class='ocrx_word' id='word_1_9' title='bbox 745 504 987 589; x_wconf 86' lang='lat' dir='ltr'><strong>imperterritus</strong></span> <span class='ocrx_word' id='word_1_10' title='bbox 1001 505 1066 592; x_wconf 88' lang='lat' dir='ltr'><strong>ille,</strong></span> <span class='ocrx_word' id='word_1_11' title='bbox 1259 505 1328 578; x_wconf 77' lang='lat'><strong>770</strong></span> 
     </span>
     <span class='ocr_line' id='line_1_3' title="bbox 263 607 1187 701; baseline 0.011 -30"><span class='ocrx_word' id='word_1_12' title='bbox 263 607 405 672; x_wconf 90' lang='lat' dir='ltr'><strong>Hostem</strong></span> <span class='ocrx_word' id='word_1_13' title='bbox 421 609 670 693; x_wconf 82' lang='lat' dir='ltr'><strong>magnanimum</strong></span> <span class='ocrx_word' id='word_1_14' title='bbox 686 611 866 696; x_wconf 90' lang='lat' dir='ltr'><strong>opperiens,</strong></span> <span class='ocrx_word' id='word_1_15' title='bbox 883 620 916 676; x_wconf 91' lang='lat' dir='ltr'><strong>et</strong></span> <span class='ocrx_word' id='word_1_16' title='bbox 933 613 1018 678; x_wconf 90' lang='lat' dir='ltr'><strong>mole</strong></span> <span class='ocrx_word' id='word_1_17' title='bbox 1034 635 1094 680; x_wconf 88' lang='lat' dir='ltr'><strong>sua</strong></span> <span class='ocrx_word' id='word_1_18' title='bbox 1110 623 1187 701; x_wconf 87' lang='lat' dir='ltr'><strong>stat,</strong></span> 
     </span>
     <span class='ocr_line' id='line_1_4' title="bbox 261 713 1248 807; baseline 0.011 -30"><span class='ocrx_word' id='word_1_19' title='bbox 261 713 374 798; x_wconf 89' lang='lat' dir='ltr'><strong>Atque</strong></span> <span class='ocrx_word' id='word_1_20' title='bbox 390 715 492 779; x_wconf 93' lang='lat' dir='ltr'><strong>oculis</strong></span> <span class='ocrx_word' id='word_1_21' title='bbox 508 715 655 800; x_wconf 89' lang='lat' dir='ltr'><strong>spatium</strong></span> <span class='ocrx_word' id='word_1_22' title='bbox 670 736 829 802; x_wconf 89' lang='lat' dir='ltr'><strong>emensus,</strong></span> <span class='ocrx_word' id='word_1_23' title='bbox 847 725 1012 803; x_wconf 89' lang='lat' dir='ltr'><strong>quantum</strong></span> <span class='ocrx_word' id='word_1_24' title='bbox 1025 717 1108 786; x_wconf 85' lang='lat' dir='ltr'><strong>¹setis</strong></span> <span class='ocrx_word' id='word_1_25' title='bbox 1123 722 1248 807; x_wconf 79' lang='lat' dir='ltr'>hastae,</span> 
     </span>
    </p>

    <p class='ocr_par' dir='ltr' id='par_1_3' title="bbox 224 818 1326 1437">
     <span class='ocr_line' id='line_1_5' title="bbox 224 818 1144 911; baseline 0.01 -28"><span class='ocrx_word' id='word_1_26' title='bbox 224 852 226 857; x_wconf 36' lang='lat' dir='ltr'>v</span> <span class='ocrx_word' id='word_1_27' title='bbox 262 818 283 852; x_wconf 88' lang='lat'><strong>“</strong></span> <span class='ocrx_word' id='word_1_28' title='bbox 298 819 425 884; x_wconf 86' lang='lat' dir='ltr'><strong>Dextra</strong></span> <span class='ocrx_word' id='word_1_29' title='bbox 440 819 522 885; x_wconf 91' lang='lat' dir='ltr'><strong>mihi</strong></span> <span class='ocrx_word' id='word_1_30' title='bbox 537 820 617 886; x_wconf 91' lang='lat' dir='ltr'><strong>deus</strong></span> <span class='ocrx_word' id='word_1_31' title='bbox 632 829 666 887; x_wconf 90' lang='lat' dir='ltr'><strong>et</strong></span> <span class='ocrx_word' id='word_1_32' title='bbox 683 823 797 907; x_wconf 90' lang='lat' dir='ltr'><strong>telum,</strong></span> <span class='ocrx_word' id='word_1_33' title='bbox 815 825 901 908; x_wconf 90' lang='lat' dir='ltr'><strong>quod</strong></span> <span class='ocrx_word' id='word_1_34' title='bbox 916 825 1037 890; x_wconf 83' lang='lat' dir='ltr'><strong>missile</strong></span> <span class='ocrx_word' id='word_1_35' title='bbox 1052 826 1144 911; x_wconf 86' lang='lat' dir='ltr'><strong>libre,</strong></span> 
     </span>
     <span class='ocr_line' id='line_1_6' title="bbox 262 924 1146 1017; baseline 0.012 -30"><span class='ocrx_word' id='word_1_36' title='bbox 262 925 283 956; x_wconf 87' lang='lat'><strong>“</strong></span> <span class='ocrx_word' id='word_1_37' title='bbox 294 924 392 990; x_wconf 88' lang='lat' dir='ltr'><strong>Nunc</strong></span> <span class='ocrx_word' id='word_1_38' title='bbox 409 925 537 992; x_wconf 80' lang='lat' dir='ltr'><strong>adsint!</strong></span> <span class='ocrx_word' id='word_1_39' title='bbox 587 925 698 992; x_wconf 82' lang='lat' dir='ltr'>Voveo</span> <span class='ocrx_word' id='word_1_40' title='bbox 715 929 884 1013; x_wconf 88' lang='lat' dir='ltr'><strong>praedonis</strong></span> <span class='ocrx_word' id='word_1_41' title='bbox 899 950 1028 1015; x_wconf 88' lang='lat' dir='ltr'><strong>corpore</strong></span> <span class='ocrx_word' id='word_1_42' title='bbox 1044 933 1146 1017; x_wconf 86' lang='lat' dir='ltr'><strong>raptis</strong></span> 
     </span>
     <span class='ocr_line' id='line_1_7' title="bbox 263 1030 1326 1122; baseline 0.012 -29"><span class='ocrx_word' id='word_1_43' title='bbox 263 1030 283 1062; x_wconf 90' lang='lat'><strong>“</strong></span> <span class='ocrx_word' id='word_1_44' title='bbox 298 1030 459 1094; x_wconf 91' lang='lat' dir='ltr'><strong>Indutum</strong></span> <span class='ocrx_word' id='word_1_45' title='bbox 475 1030 586 1116; x_wconf 90' lang='lat' dir='ltr'><strong>spoliis</strong></span> <span class='ocrx_word' id='word_1_46' title='bbox 601 1031 710 1116; x_wconf 90' lang='lat' dir='ltr'><strong>ipsum</strong></span> <span class='ocrx_word' id='word_1_47' title='bbox 726 1040 770 1117; x_wconf 92' lang='lat' dir='ltr'><strong>te,</strong></span> <span class='ocrx_word' id='word_1_48' title='bbox 788 1033 906 1119; x_wconf 87' lang='lat' dir='ltr'><strong>Lause,</strong></span> <span class='ocrx_word' id='word_1_49' title='bbox 924 1043 1099 1122; x_wconf 87' lang='lat' dir='ltr'><strong>tropaeum</strong></span> <span class='ocrx_word' id='word_1_50' title='bbox 1257 1035 1326 1106; x_wconf 80' lang='lat'>&#39;775</span> 
     </span>
     <span class='ocr_line' id='line_1_8' title="bbox 261 1133 1318 1225; baseline 0.009 -26"><span class='ocrx_word' id='word_1_51' title='bbox 261 1135 281 1166; x_wconf 85' lang='lat'><strong>“</strong></span> <span class='ocrx_word' id='word_1_52' title='bbox 297 1135 461 1202; x_wconf 88' lang='lat' dir='ltr'><strong>Aeneae.”</strong></span> <span class='ocrx_word' id='word_1_53' title='bbox 509 1136 616 1222; x_wconf 81' lang='lat' dir='ltr'><strong>Dixit,</strong></span> <span class='ocrx_word' id='word_1_54' title='bbox 634 1138 890 1225; x_wconf 76' lang='lat' dir='ltr'><strong>stridentemque</strong></span> <span class='ocrx_word' id='word_1_55' title='bbox 906 1141 1034 1208; x_wconf 90' lang='lat' dir='ltr'><strong>eminus</strong></span> <span class='ocrx_word' id='word_1_56' title='bbox 1049 1142 1181 1208; x_wconf 81' lang='lat' dir='ltr'><strong>hastam</strong></span> <span class='ocrx_word' id='word_1_57' title='bbox 1311 1133 1318 1146; x_wconf 59' lang='lat'><em>¹</em></span> 
     </span>
     <span class='ocr_line' id='line_1_9' title="bbox 259 1239 1169 1333; baseline 0.009 -29"><span class='ocrx_word' id='word_1_58' title='bbox 259 1239 368 1322; x_wconf 75' lang='lat' dir='ltr'><strong>Jecit5</strong></span> <span class='ocrx_word' id='word_1_59' title='bbox 393 1249 429 1306; x_wconf 89' lang='lat' dir='ltr'><strong>at</strong></span> <span class='ocrx_word' id='word_1_60' title='bbox 445 1241 502 1305; x_wconf 88' lang='lat' dir='ltr'><strong>illa</strong></span> <span class='ocrx_word' id='word_1_61' title='bbox 518 1242 629 1307; x_wconf 87' lang='lat' dir='ltr'><strong>volans</strong></span> <span class='ocrx_word' id='word_1_62' title='bbox 645 1243 748 1329; x_wconf 93' lang='lat' dir='ltr'><strong>clipeo</strong></span> <span class='ocrx_word' id='word_1_63' title='bbox 765 1252 814 1309; x_wconf 92' lang='lat' dir='ltr'><strong>est</strong></span> <span class='ocrx_word' id='word_1_64' title='bbox 830 1267 975 1330; x_wconf 86' lang='lat' dir='ltr'><strong>excussa,</strong></span> <span class='ocrx_word' id='word_1_65' title='bbox 993 1248 1169 1333; x_wconf 85' lang='lat' dir='ltr'><strong>proculque</strong></span> 
     </span>
     <span class='ocr_line' id='line_1_10' title="bbox 260 1346 1032 1437; baseline 0.008 -27"><span class='ocrx_word' id='word_1_66' title='bbox 260 1346 441 1432; x_wconf 83' lang='lat' dir='ltr'><strong>Egregium</strong></span> <span class='ocrx_word' id='word_1_67' title='bbox 456 1347 606 1414; x_wconf 88' lang='lat' dir='ltr'><strong>Antoren</strong></span> <span class='ocrx_word' id='word_1_68' title='bbox 621 1348 708 1414; x_wconf 88' lang='lat' dir='ltr'><strong>latus</strong></span> <span class='ocrx_word' id='word_1_69' title='bbox 724 1349 811 1414; x_wconf 89' lang='lat' dir='ltr'><strong>inter</strong></span> <span class='ocrx_word' id='word_1_70' title='bbox 826 1357 860 1414; x_wconf 90' lang='lat' dir='ltr'><strong>et</strong></span> <span class='ocrx_word' id='word_1_71' title='bbox 877 1350 933 1416; x_wconf 94' lang='lat' dir='ltr'><strong>ilia</strong></span> <span class='ocrx_word' id='word_1_72' title='bbox 947 1351 1032 1437; x_wconf 87' lang='lat' dir='ltr'><strong>figit,</strong></span> 
     </span>
    </p>

    <p class='ocr_par' dir='ltr' id='par_1_4' title="bbox 160 1447 1158 1753">
     <span class='ocr_line' id='line_1_11' title="bbox 160 1447 1136 1544; baseline 0.009 -31"><span class='ocrx_word' id='word_1_73' title='bbox 160 1501 166 1513; x_wconf 91' lang='lat'>.</span> <span class='ocrx_word' id='word_1_74' title='bbox 260 1451 412 1518; x_wconf 91' lang='lat' dir='ltr'><strong>Herculis</strong></span> <span class='ocrx_word' id='word_1_75' title='bbox 427 1451 578 1518; x_wconf 84' lang='lat' dir='ltr'><strong>Antoren</strong></span> <span class='ocrx_word' id='word_1_76' title='bbox 593 1453 757 1538; x_wconf 91' lang='lat' dir='ltr'><strong>comitem,</strong></span> <span class='ocrx_word' id='word_1_77' title='bbox 776 1447 834 1538; x_wconf 78' lang='lat' dir='ltr'><strong>qui</strong></span> <span class='ocrx_word' id='word_1_78' title='bbox 849 1455 966 1521; x_wconf 93' lang='lat' dir='ltr'><strong>missus</strong></span> <span class='ocrx_word' id='word_1_79' title='bbox 980 1457 1022 1522; x_wconf 86' lang='lat' dir='ltr'><strong>ab</strong></span> <span class='ocrx_word' id='word_1_80' title='bbox 1037 1456 1136 1544; x_wconf 90' lang='lat' dir='ltr'><strong>Argis</strong></span> 
     </span>
     <span class='ocr_line' id='line_1_12' title="bbox 261 1558 1158 1645; baseline 0.009 -26"><span class='ocrx_word' id='word_1_81' title='bbox 261 1558 421 1624; x_wconf 88' lang='lat' dir='ltr'><strong>Haeserat</strong></span> <span class='ocrx_word' id='word_1_82' title='bbox 437 1558 590 1624; x_wconf 83' lang='lat' dir='ltr'><strong>Evandro</strong></span> <span class='ocrx_word' id='word_1_83' title='bbox 606 1567 707 1645; x_wconf 88' lang='lat' dir='ltr'><strong>atque</strong></span> <span class='ocrx_word' id='word_1_84' title='bbox 722 1559 811 1625; x_wconf 86' lang='lat' dir='ltr'><strong>Itala</strong></span> <span class='ocrx_word' id='word_1_85' title='bbox 826 1562 1015 1627; x_wconf 84' lang='lat' dir='ltr'><strong>consederat</strong></span> <span class='ocrx_word' id='word_1_86' title='bbox 1031 1564 1119 1630; x_wconf 89' lang='lat' dir='ltr'><strong>urbe.</strong></span> <span class='ocrx_word' id='word_1_87' title='bbox 1156 1624 1158 1628; x_wconf 86' lang='grc'><strong>,</strong></span> 
     </span>
     <span class='ocr_line' id='line_1_13' title="bbox 261 1665 1043 1753; baseline 0.001 -22"><span class='ocrx_word' id='word_1_88' title='bbox 261 1665 425 1731; x_wconf 76' lang='lat' dir='ltr'><strong>Sternitur</strong></span> <span class='ocrx_word' id='word_1_89' title='bbox 439 1665 554 1730; x_wconf 86' lang='lat' dir='ltr'><strong>infelix</strong></span> <span class='ocrx_word' id='word_1_90' title='bbox 569 1665 674 1730; x_wconf 91' lang='lat' dir='ltr'><strong>alieno</strong></span> <span class='ocrx_word' id='word_1_91' title='bbox 689 1665 834 1750; x_wconf 89' lang='lat' dir='ltr'><strong>vulnere,</strong></span> <span class='ocrx_word' id='word_1_92' title='bbox 852 1667 1043 1753; x_wconf 90' lang='lat' dir='ltr'><strong>coelumque</strong></span> 
     </span>
    </p>

    <p class='ocr_par' dir='ltr' id='par_1_5' title="bbox 248 1771 1134 2385">
     <span class='ocr_line' id='line_1_14' title="bbox 248 1771 1116 1859; baseline 0.006 -25"><span class='ocrx_word' id='word_1_93' title='bbox 248 1771 415 1857; x_wconf 84' lang='lat' dir='ltr'><strong>¹Adspicit</strong></span> <span class='ocrx_word' id='word_1_94' title='bbox 432 1778 466 1835; x_wconf 91' lang='lat' dir='ltr'><strong>et</strong></span> <span class='ocrx_word' id='word_1_95' title='bbox 483 1772 596 1836; x_wconf 86' lang='lat' dir='ltr'><strong>dulces</strong></span> <span class='ocrx_word' id='word_1_96' title='bbox 612 1771 750 1836; x_wconf 89' lang='lat' dir='ltr'><strong>moriens</strong></span> <span class='ocrx_word' id='word_1_97' title='bbox 767 1772 987 1838; x_wconf 89' lang='lat' dir='ltr'><strong>reminiscitur</strong></span> <span class='ocrx_word' id='word_1_98' title='bbox 1001 1773 1116 1859; x_wconf 86' lang='lat' dir='ltr'><strong>Argos.</strong></span> 
     </span>
     <span class='ocr_line' id='line_1_15' title="bbox 260 1875 1127 1963; baseline 0.002 -23"><span class='ocrx_word' id='word_1_99' title='bbox 260 1876 348 1940; x_wconf 89' lang='lat' dir='ltr'><strong>Tum</strong></span> <span class='ocrx_word' id='word_1_100' title='bbox 364 1875 438 1962; x_wconf 92' lang='lat' dir='ltr'><strong>pius</strong></span> <span class='ocrx_word' id='word_1_101' title='bbox 454 1876 585 1942; x_wconf 89' lang='lat' dir='ltr'><strong>Aeneas</strong></span> <span class='ocrx_word' id='word_1_102' title='bbox 600 1876 732 1942; x_wconf 88' lang='lat' dir='ltr'><strong>hastam</strong></span> <span class='ocrx_word' id='word_1_103' title='bbox 743 1875 845 1961; x_wconf 89' lang='lat' dir='ltr'><strong>jacit:</strong></span> <span class='ocrx_word' id='word_1_104' title='bbox 871 1878 928 1942; x_wconf 89' lang='lat' dir='ltr'><strong>illa</strong></span> <span class='ocrx_word' id='word_1_105' title='bbox 944 1900 1002 1963; x_wconf 87' lang='lat' dir='ltr'><strong>per</strong></span> <span class='ocrx_word' id='word_1_106' title='bbox 1017 1879 1127 1944; x_wconf 87' lang='lat' dir='ltr'><strong>orbem</strong></span> 
     </span>
     <span class='ocr_line' id='line_1_16' title="bbox 258 1981 1105 2068; baseline 0.002 -22"><span class='ocrx_word' id='word_1_107' title='bbox 258 1981 343 2046; x_wconf 89' lang='lat' dir='ltr'><strong>Aere</strong></span> <span class='ocrx_word' id='word_1_108' title='bbox 360 2003 478 2047; x_wconf 85' lang='lat' dir='ltr'><strong>cavum</strong></span> <span class='ocrx_word' id='word_1_109' title='bbox 494 1981 624 2067; x_wconf 86' lang='lat' dir='ltr'><strong>triplici,</strong></span> <span class='ocrx_word' id='word_1_110' title='bbox 642 2003 699 2067; x_wconf 92' lang='lat' dir='ltr'><strong>per</strong></span> <span class='ocrx_word' id='word_1_111' title='bbox 712 1982 799 2046; x_wconf 89' lang='lat' dir='ltr'><strong>linea</strong></span> <span class='ocrx_word' id='word_1_112' title='bbox 815 1991 917 2068; x_wconf 88' lang='lat' dir='ltr'><strong>terga,</strong></span> <span class='ocrx_word' id='word_1_113' title='bbox 935 1984 1105 2068; x_wconf 89' lang='lat' dir='ltr'><strong>tribusque</strong></span> 
     </span>
     <span class='ocr_line' id='line_1_17' title="bbox 259 2087 1067 2173; baseline 0.002 -21"><span class='ocrx_word' id='word_1_114' title='bbox 259 2087 403 2153; x_wconf 79' lang='lat' dir='ltr'><strong>Transiit</strong></span> <span class='ocrx_word' id='word_1_115' title='bbox 418 2087 587 2152; x_wconf 88' lang='lat' dir='ltr'><strong>intextum</strong></span> <span class='ocrx_word' id='word_1_116' title='bbox 603 2087 708 2152; x_wconf 90' lang='lat' dir='ltr'><strong>tauris</strong></span> <span class='ocrx_word' id='word_1_117' title='bbox 724 2109 815 2173; x_wconf 93' lang='lat' dir='ltr'><strong>opus,</strong></span> <span class='ocrx_word' id='word_1_118' title='bbox 831 2087 966 2170; x_wconf 89' lang='lat' dir='ltr'><strong>imaque</strong></span> <span class='ocrx_word' id='word_1_119' title='bbox 982 2090 1067 2154; x_wconf 90' lang='lat' dir='ltr'><strong>sedit</strong></span> 
     </span>
     <span class='ocr_line' id='line_1_18' title="bbox 258 2193 1134 2280; baseline 0.001 -23"><span class='ocrx_word' id='word_1_120' title='bbox 258 2193 417 2280; x_wconf 80' lang='lat' dir='ltr'><strong>Inguine3</strong></span> <span class='ocrx_word' id='word_1_121' title='bbox 443 2194 499 2260; x_wconf 91' lang='lat' dir='ltr'><strong>scd</strong></span> <span class='ocrx_word' id='word_1_122' title='bbox 514 2193 597 2258; x_wconf 83' lang='lat' dir='ltr'><strong>vires</strong></span> <span class='ocrx_word' id='word_1_123' title='bbox 612 2193 702 2274; x_wconf 83' lang='lat' dir='ltr'><strong>haud</strong></span> <span class='ocrx_word' id='word_1_124' title='bbox 717 2193 862 2278; x_wconf 90' lang='lat' dir='ltr'><strong>pertulit.</strong></span> <span class='ocrx_word' id='word_1_125' title='bbox 910 2193 1009 2260; x_wconf 90' lang='lat' dir='ltr'><strong>Ocius</strong></span> <span class='ocrx_word' id='word_1_126' title='bbox 1025 2215 1134 2260; x_wconf 86' lang='lat' dir='ltr'><strong>ensem</strong></span> 
     </span>
     <span class='ocr_line' id='line_1_19' title="bbox 258 2298 964 2385; baseline 0.001 -21"><span class='ocrx_word' id='word_1_127' title='bbox 258 2301 398 2385; x_wconf 85' lang='lat' dir='ltr'><strong>Aeneas,</strong></span> <span class='ocrx_word' id='word_1_128' title='bbox 415 2300 484 2365; x_wconf 82' lang='lat' dir='ltr'><strong>viso</strong></span> <span class='ocrx_word' id='word_1_129' title='bbox 502 2299 660 2384; x_wconf 79' lang='lat' dir='ltr'><strong>Tyrrheni</strong></span> <span class='ocrx_word' id='word_1_130' title='bbox 676 2298 831 2384; x_wconf 89' lang='lat' dir='ltr'><strong>sanguine</strong></span> <span class='ocrx_word' id='word_1_131' title='bbox 846 2299 964 2384; x_wconf 89' lang='lat' dir='ltr'><strong>laetus,</strong></span> 
     </span>
    </p>

    <p class='ocr_par' dir='ltr' id='par_1_6' title="bbox 257 2403 1090 2596">
     <span class='ocr_line' id='line_1_20' title="bbox 257 2403 1081 2490; baseline 0.002 -22"><span class='ocrx_word' id='word_1_132' title='bbox 257 2404 367 2490; x_wconf 85' lang='lat' dir='ltr'><strong>Eripit</strong></span> <span class='ocrx_word' id='word_1_133' title='bbox 383 2425 403 2468; x_wconf 91' lang='lat' dir='ltr'><strong>a</strong></span> <span class='ocrx_word' id='word_1_134' title='bbox 418 2405 547 2488; x_wconf 86' lang='lat' dir='ltr'><strong>femine,</strong></span> <span class='ocrx_word' id='word_1_135' title='bbox 565 2412 599 2467; x_wconf 92' lang='lat' dir='ltr'><strong>et</strong></span> <span class='ocrx_word' id='word_1_136' title='bbox 616 2403 794 2487; x_wconf 86' lang='lat' dir='ltr'><strong>trepidanti</strong></span> <span class='ocrx_word' id='word_1_137' title='bbox 808 2403 952 2470; x_wconf 87' lang='lat' dir='ltr'><strong>fervidus</strong></span> <span class='ocrx_word' id='word_1_138' title='bbox 968 2405 1081 2471; x_wconf 87' lang='lat' dir='ltr'><strong>instat.</strong></span> 
     </span>
     <span class='ocr_line' id='line_1_21' title="bbox 257 2509 1090 2596; baseline -0.001 -21"><span class='ocrx_word' id='word_1_139' title='bbox 257 2510 424 2596; x_wconf 90' lang='lat' dir='ltr'><strong>Ingemuit</strong></span> <span class='ocrx_word' id='word_1_140' title='bbox 441 2509 507 2574; x_wconf 86' lang='lat' dir='ltr'><strong>cari</strong></span> <span class='ocrx_word' id='word_1_141' title='bbox 521 2509 661 2594; x_wconf 88' lang='lat' dir='ltr'><strong>graviter</strong></span> <span class='ocrx_word' id='word_1_142' title='bbox 676 2509 828 2594; x_wconf 86' lang='lat' dir='ltr'><strong>genitoris</strong></span> <span class='ocrx_word' id='word_1_143' title='bbox 843 2531 963 2594; x_wconf 89' lang='lat' dir='ltr'><strong>amore,</strong></span> <span class='ocrx_word' id='word_1_144' title='bbox 1089 2555 1090 2562; x_wconf 21' lang='grc' dir='ltr'><strong>κ</strong></span> 
     </span>
    </p>

    <p class='ocr_par' dir='ltr' id='par_1_7' title="bbox 257 2614 1108 2804">
     <span class='ocr_line' id='line_1_22' title="bbox 257 2614 1108 2700; baseline 0.001 -20"><span class='ocrx_word' id='word_1_145' title='bbox 257 2615 308 2681; x_wconf 90' lang='lat' dir='ltr'><strong>Ut</strong></span> <span class='ocrx_word' id='word_1_146' title='bbox 325 2615 420 2699; x_wconf 87' lang='lat' dir='ltr'><strong>vidit,</strong></span> <span class='ocrx_word' id='word_1_147' title='bbox 437 2614 577 2698; x_wconf 87' lang='lat' dir='ltr'><strong>Lausus,</strong></span> <span class='ocrx_word' id='word_1_148' title='bbox 593 2614 811 2699; x_wconf 86' lang='lat' dir='ltr'><strong>lacrimaeque</strong></span> <span class='ocrx_word' id='word_1_149' title='bbox 826 2636 884 2700; x_wconf 91' lang='lat' dir='ltr'><strong>per</strong></span> <span class='ocrx_word' id='word_1_150' title='bbox 900 2637 954 2680; x_wconf 89' lang='lat' dir='ltr'><strong>ora</strong></span> <span class='ocrx_word' id='word_1_151' title='bbox 969 2616 1108 2682; x_wconf 90' lang='lat' dir='ltr'><strong>volutae.</strong></span> 
     </span>
     <span class='ocr_line' id='line_1_23' title="bbox 261 2719 1089 2804; baseline 0.005 -22"><span class='ocrx_word' id='word_1_152' title='bbox 261 2720 325 2784; x_wconf 88' lang='lat' dir='ltr'><strong>Hic</strong></span> <span class='ocrx_word' id='word_1_153' title='bbox 341 2720 454 2784; x_wconf 90' lang='lat' dir='ltr'><strong>mortis</strong></span> <span class='ocrx_word' id='word_1_154' title='bbox 470 2719 568 2784; x_wconf 91' lang='lat' dir='ltr'><strong>durae</strong></span> <span class='ocrx_word' id='word_1_155' title='bbox 584 2741 696 2784; x_wconf 88' lang='lat' dir='ltr'><strong>casum</strong></span> <span class='ocrx_word' id='word_1_156' title='bbox 711 2726 833 2804; x_wconf 87' lang='lat' dir='ltr'><strong>tueque</strong></span> <span class='ocrx_word' id='word_1_157' title='bbox 849 2719 975 2804; x_wconf 90' lang='lat' dir='ltr'><strong>optima</strong></span> <span class='ocrx_word' id='word_1_158' title='bbox 989 2720 1089 2804; x_wconf 83' lang='lat' dir='ltr'><strong>facta,</strong></span> 
     </span>
    </p>

    <p class='ocr_par' dir='ltr' id='par_1_8' title="bbox 260 2825 1066 2910">
     <span class='ocr_line' id='line_1_24' title="bbox 260 2825 1066 2910; baseline 0 -19"><span class='ocrx_word' id='word_1_159' title='bbox 260 2825 295 2891; x_wconf 81' lang='lat' dir='ltr'><strong>Si</strong></span> <span class='ocrx_word' id='word_1_160' title='bbox 310 2847 379 2910; x_wconf 66' lang='lat' dir='ltr'><strong>qua,</strong></span> <span class='ocrx_word' id='word_1_161' title='bbox 390 2825 490 2890; x_wconf 90' lang='lat' dir='ltr'><strong>fidem</strong></span> <span class='ocrx_word' id='word_1_162' title='bbox 507 2832 601 2890; x_wconf 87' lang='lat' dir='ltr'><strong>tanto</strong></span> <span class='ocrx_word' id='word_1_163' title='bbox 617 2832 666 2890; x_wconf 90' lang='lat' dir='ltr'><strong>est</strong></span> <span class='ocrx_word' id='word_1_164' title='bbox 681 2825 770 2910; x_wconf 89' lang='lat' dir='ltr'><strong>operi</strong></span> <span class='ocrx_word' id='word_1_165' title='bbox 783 2825 892 2890; x_wconf 91' lang='lat' dir='ltr'><strong>latura</strong></span> <span class='ocrx_word' id='word_1_166' title='bbox 908 2833 1066 2909; x_wconf 90' lang='lat' dir='ltr'><strong>vetustas,</strong></span> 
     </span>
    </p>

    <p class='ocr_par' dir='ltr' id='par_1_9' title="bbox 256 2929 1218 4062">
     <span class='ocr_line' id='line_1_25' title="bbox 257 2929 1218 3026; baseline 0 -30"><span class='ocrx_word' id='word_1_167' title='bbox 257 2931 332 2996; x_wconf 84' lang='lat' dir='ltr'><strong>Non</strong></span> <span class='ocrx_word' id='word_1_168' title='bbox 349 2931 509 3016; x_wconf 88' lang='lat' dir='ltr'><strong>equidem,</strong></span> <span class='ocrx_word' id='word_1_169' title='bbox 526 2951 585 3022; x_wconf 87' lang='lat' dir='ltr'><strong>nec</strong></span> <span class='ocrx_word' id='word_1_170' title='bbox 601 2937 645 3014; x_wconf 89' lang='lat' dir='ltr'><strong>te,</strong></span> <span class='ocrx_word' id='word_1_171' title='bbox 659 2929 789 3014; x_wconf 91' lang='lat' dir='ltr'><strong>juvenis</strong></span> <span class='ocrx_word' id='word_1_172' title='bbox 804 2932 1020 3015; x_wconf 86' lang='lat' dir='ltr'><strong>memorande,</strong></span> <span class='ocrx_word' id='word_1_173' title='bbox 1038 2931 1146 2998; x_wconf 91' lang='lat' dir='ltr'><strong>silebo.</strong></span> <span class='ocrx_word' id='word_1_174' title='bbox 1212 3015 1218 3026; x_wconf 68' lang='lat'>„</span> 
     </span>
     <span class='ocr_line' id='line_1_26' title="bbox 257 3033 1050 3122; baseline -0.003 -20"><span class='ocrx_word' id='word_1_175' title='bbox 257 3039 318 3102; x_wconf 88' lang='lat' dir='ltr'><strong>llle</strong></span> <span class='ocrx_word' id='word_1_176' title='bbox 335 3038 451 3122; x_wconf 89' lang='lat' dir='ltr'><strong>pedem</strong></span> <span class='ocrx_word' id='word_1_177' title='bbox 466 3036 605 3102; x_wconf 85' lang='lat' dir='ltr'><strong>referens</strong></span> <span class='ocrx_word' id='word_1_178' title='bbox 621 3043 654 3100; x_wconf 94' lang='lat' dir='ltr'><strong>et</strong></span> <span class='ocrx_word' id='word_1_179' title='bbox 669 3034 796 3099; x_wconf 91' lang='lat' dir='ltr'><strong>inutilis</strong></span> <span class='ocrx_word' id='word_1_180' title='bbox 812 3033 911 3119; x_wconf 91' lang='lat' dir='ltr'><strong>inque</strong></span> <span class='ocrx_word' id='word_1_181' title='bbox 926 3035 1050 3120; x_wconf 85' lang='lat' dir='ltr'><strong>ligatus</strong></span> 
     </span>
     <span class='ocr_line' id='line_1_27' title="bbox 257 3139 1115 3227; baseline -0.005 -17"><span class='ocrx_word' id='word_1_182' title='bbox 257 3143 415 3226; x_wconf 71' lang='lat' dir='ltr'><strong>dedebat,</strong></span> <span class='ocrx_word' id='word_1_183' title='bbox 433 3142 602 3227; x_wconf 90' lang='lat' dir='ltr'><strong>clipeoque</strong></span> <span class='ocrx_word' id='word_1_184' title='bbox 617 3139 790 3206; x_wconf 90' lang='lat' dir='ltr'><strong>inimicum</strong></span> <span class='ocrx_word' id='word_1_185' title='bbox 805 3140 924 3204; x_wconf 89' lang='lat' dir='ltr'><strong>hastile</strong></span> <span class='ocrx_word' id='word_1_186' title='bbox 940 3140 1115 3206; x_wconf 85' lang='lat' dir='ltr'><strong>trahebat:</strong></span> 
     </span>
     <span class='ocr_line' id='line_1_28' title="bbox 257 3244 1104 3333; baseline -0.006 -19"><span class='ocrx_word' id='word_1_187' title='bbox 257 3249 425 3333; x_wconf 91' lang='lat' dir='ltr'><strong>Proripuit</strong></span> <span class='ocrx_word' id='word_1_188' title='bbox 438 3247 568 3332; x_wconf 87' lang='lat' dir='ltr'><strong>juvenis</strong></span> <span class='ocrx_word' id='word_1_189' title='bbox 584 3266 715 3330; x_wconf 88' lang='lat' dir='ltr'><strong>seseque</strong></span> <span class='ocrx_word' id='word_1_190' title='bbox 729 3245 909 3310; x_wconf 88' lang='lat' dir='ltr'><strong>immiscuit</strong></span> <span class='ocrx_word' id='word_1_191' title='bbox 925 3244 1034 3329; x_wconf 87' lang='lat' dir='ltr'><strong>armis,</strong></span> <span class='ocrx_word' id='word_1_192' title='bbox 1076 3284 1077 3287; x_wconf 61' lang='lat'><em>=</em></span> <span class='ocrx_word' id='word_1_193' title='bbox 1099 3323 1104 3328; x_wconf 12' lang='grc' dir='ltr'><strong>ᾖ</strong></span> 
     </span>
     <span class='ocr_line' id='line_1_29' title="bbox 257 3349 1103 3438; baseline -0.005 -20"><span class='ocrx_word' id='word_1_194' title='bbox 257 3355 401 3437; x_wconf 85' lang='lat' dir='ltr'><strong>Jamque</strong></span> <span class='ocrx_word' id='word_1_195' title='bbox 418 3350 615 3438; x_wconf 86' lang='lat' dir='ltr'><strong>assurgentis</strong></span> <span class='ocrx_word' id='word_1_196' title='bbox 631 3351 747 3415; x_wconf 88' lang='lat' dir='ltr'><strong>dextra</strong></span> <span class='ocrx_word' id='word_1_197' title='bbox 762 3350 957 3434; x_wconf 88' lang='lat' dir='ltr'><strong>plagamque</strong></span> <span class='ocrx_word' id='word_1_198' title='bbox 972 3349 1103 3414; x_wconf 87' lang='lat' dir='ltr'><strong>ferentis</strong></span> 
     </span>
     <span class='ocr_line' id='line_1_30' title="bbox 256 3453 1080 3538; baseline -0.007 -14"><span class='ocrx_word' id='word_1_199' title='bbox 256 3459 389 3524; x_wconf 89' lang='lat' dir='ltr'><strong>Aeneae</strong></span> <span class='ocrx_word' id='word_1_200' title='bbox 405 3456 505 3522; x_wconf 92' lang='lat' dir='ltr'><strong>subiit</strong></span> <span class='ocrx_word' id='word_1_201' title='bbox 523 3459 719 3538; x_wconf 89' lang='lat' dir='ltr'><strong>mucronem,</strong></span> <span class='ocrx_word' id='word_1_202' title='bbox 736 3453 910 3538; x_wconf 89' lang='lat' dir='ltr'><strong>ipsumque</strong></span> <span class='ocrx_word' id='word_1_203' title='bbox 925 3455 1080 3519; x_wconf 90' lang='lat' dir='ltr'><strong>morando</strong></span> 
     </span>
     <span class='ocr_line' id='line_1_31' title="bbox 258 3559 1065 3646; baseline -0.007 -18"><span class='ocrx_word' id='word_1_204' title='bbox 258 3561 433 3628; x_wconf 81' lang='lat' dir='ltr'><strong>Sustinuit.</strong></span> <span class='ocrx_word' id='word_1_205' title='bbox 482 3561 567 3627; x_wconf 82' lang='lat' dir='ltr'><strong>Socii</strong></span> <span class='ocrx_word' id='word_1_206' title='bbox 582 3581 701 3646; x_wconf 88' lang='lat' dir='ltr'><strong>magno</strong></span> <span class='ocrx_word' id='word_1_207' title='bbox 718 3559 858 3624; x_wconf 88' lang='lat' dir='ltr'><strong>clamore</strong></span> <span class='ocrx_word' id='word_1_208' title='bbox 874 3565 1065 3642; x_wconf 89' lang='lat' dir='ltr'><strong>sequuntur,</strong></span> 
     </span>
     <span class='ocr_line' id='line_1_32' title="bbox 257 3663 1022 3752; baseline -0.004 -21"><span class='ocrx_word' id='word_1_209' title='bbox 257 3667 349 3732; x_wconf 92' lang='lat' dir='ltr'><strong>Dum</strong></span> <span class='ocrx_word' id='word_1_210' title='bbox 366 3667 492 3752; x_wconf 90' lang='lat' dir='ltr'><strong>genitor</strong></span> <span class='ocrx_word' id='word_1_211' title='bbox 506 3666 578 3730; x_wconf 90' lang='lat' dir='ltr'><strong>nati</strong></span> <span class='ocrx_word' id='word_1_212' title='bbox 594 3687 709 3751; x_wconf 88' lang='lat' dir='ltr'><strong>parma</strong></span> <span class='ocrx_word' id='word_1_213' title='bbox 724 3671 890 3750; x_wconf 91' lang='lat' dir='ltr'><strong>protectus</strong></span> <span class='ocrx_word' id='word_1_214' title='bbox 906 3663 1022 3747; x_wconf 87' lang='lat' dir='ltr'><strong>abiret,</strong></span> 
     </span>
     <span class='ocr_line' id='line_1_33' title="bbox 256 3768 1170 3857; baseline -0.002 -21"><span class='ocrx_word' id='word_1_215' title='bbox 256 3773 400 3857; x_wconf 78' lang='lat' dir='ltr'><strong>Telaque</strong></span> <span class='ocrx_word' id='word_1_216' title='bbox 416 3769 604 3855; x_wconf 89' lang='lat' dir='ltr'><strong>conjiciunt,</strong></span> <span class='ocrx_word' id='word_1_217' title='bbox 621 3770 881 3854; x_wconf 89' lang='lat' dir='ltr'><strong>proturbantque</strong></span> <span class='ocrx_word' id='word_1_218' title='bbox 898 3768 1026 3834; x_wconf 89' lang='lat' dir='ltr'><strong>eminus</strong></span> <span class='ocrx_word' id='word_1_219' title='bbox 1041 3768 1170 3834; x_wconf 90' lang='lat' dir='ltr'><strong>hostem</strong></span> 
     </span>
     <span class='ocr_line' id='line_1_34' title="bbox 256 3874 1105 3959; baseline -0.004 -19"><span class='ocrx_word' id='word_1_220' title='bbox 256 3875 443 3942; x_wconf 85' lang='lat' dir='ltr'><strong>Missilibus.</strong></span> <span class='ocrx_word' id='word_1_221' title='bbox 491 3874 589 3938; x_wconf 84' lang='lat' dir='ltr'><strong>Furit</strong></span> <span class='ocrx_word' id='word_1_222' title='bbox 605 3874 746 3957; x_wconf 86' lang='lat' dir='ltr'><strong>Aeneas,</strong></span> <span class='ocrx_word' id='word_1_223' title='bbox 762 3879 939 3956; x_wconf 90' lang='lat' dir='ltr'><strong>tectusque</strong></span> <span class='ocrx_word' id='word_1_224' title='bbox 955 3879 1047 3959; x_wconf 86' lang='lat' dir='ltr'><strong>tenet</strong></span> <span class='ocrx_word' id='word_1_225' title='bbox 1063 3893 1105 3938; x_wconf 91' lang='lat' dir='ltr'><strong>se.</strong></span> 
     </span>
     <span class='ocr_line' id='line_1_35' title="bbox 256 3973 1164 4062; baseline -0.006 -16"><span class='ocrx_word' id='word_1_226' title='bbox 256 3981 307 4046; x_wconf 91' lang='lat' dir='ltr'><strong>Ac</strong></span> <span class='ocrx_word' id='word_1_227' title='bbox 324 3980 426 4062; x_wconf 88' lang='lat' dir='ltr'><strong>velut,</strong></span> <span class='ocrx_word' id='word_1_228' title='bbox 443 3977 545 4043; x_wconf 86' lang='lat' dir='ltr'><strong>effusa</strong></span> <span class='ocrx_word' id='word_1_229' title='bbox 562 3977 733 4061; x_wconf 88' lang='lat' dir='ltr'><strong>siquando</strong></span> <span class='ocrx_word' id='word_1_230' title='bbox 749 3977 905 4062; x_wconf 87' lang='lat' dir='ltr'><strong>grandine</strong></span> <span class='ocrx_word' id='word_1_231' title='bbox 921 3975 1026 4042; x_wconf 86' lang='lat' dir='ltr'><strong>nimbi</strong></span> <span class='ocrx_word' id='word_1_232' title='bbox 1133 4009 1136 4014; x_wconf 97' lang='lat'>·</span> <span class='ocrx_word' id='word_1_233' title='bbox 1161 3973 1164 3980; x_wconf 88' lang='grc'><strong>’</strong></span> 
     </span>
    </p>
   </div>
   <div class='ocr_carea' id='block_1_3' title="bbox 0 0 1476 4522">
    <p class='ocr_par' dir='ltr' id='par_1_10' title="bbox 0 0 1476 4522">
     <span class='ocr_line' id='line_1_36' title="bbox 0 0 1476 4522; baseline 0 1"><span class='ocrx_word' id='word_1_234' title='bbox 0 0 1476 4522; x_wconf 95' lang='lat' dir='ltr'><strong> </strong></span> 
     </span>
    </p>
   </div>
  </div>
 </body>
</html>
