2838 4522
279 297 322 364 42
646 319 817 367 naunrnos
840 319 905 369 1111.
930 321 965 368 11.

280 476 430 544 Concidit
447 501 485 544 ae
501 479 606 544 multo
621 479 725 544 vitam
741 501 818 546 eum
833 480 990 567 sanguine
1006 479 1101 546 fudit.

279 582 343 647 Hic
360 583 519 668 Priamus,
536 605 739 670 quamquam
753 585 789 649 in
802 585 911 650 media
922 583 994 670 jam
1009 592 1113 650 morte
1129 592 1275 670 tenetur,

279 688 355 753 Non
370 697 483 754 tamen
498 689 668 773 abstinuit,
687 711 745 755 neo
762 690 832 756 vooi
848 690 978 775 iraeque
994 690 1159 775 pepercit;

280 792 363 858 “At
379 793 440 858 tibi
455 816 512 880 pro
529 795 678 878 scelere,''
696 795 869 879 exclamat,
876 794 896 827 “
909 817 966 880 pro
983 795 1104 861 talibus
1119 795 1207 861 ausis
1277 798 1338 863 535

280 897 300 929 “
315 897 371 982 Di,
389 898 417 963 si
429 919 495 982 qua
511 907 562 963 est
579 899 664 963 coelo
680 899 796 984 pietas,
814 920 897 983 quae
913 899 994 963 talia
1009 907 1116 982 curet,

280 1003 300 1034 “
315 1003 506 1068 Persolvant
522 1011 631 1090 grates
647 1004 761 1089 dignas
777 1011 809 1068 et
826 1004 970 1089 praemia
985 1005 1124 1069 reddant

280 1105 300 1138 “
316 1107 446 1192 Debita,
464 1107 521 1192 qui
536 1107 608 1172 nati
623 1129 731 1172 coram
745 1128 798 1172 me
814 1128 942 1172 cernere
957 1107 1065 1172 letum

281 1211 438 1276 “Fecisti
454 1220 487 1276 et
503 1211 627 1298 patrios
642 1211 782 1277 foedasti
797 1213 908 1277 funere
925 1212 1046 1279 vultus.

281 1317 362 1382 “At
379 1338 443 1382 non
459 1317 525 1401 ille,
543 1324 654 1383 satum
670 1339 733 1401 quo
749 1325 784 1382 te
799 1317 959 1402 mentiris,
977 1317 1123 1383 Achilles
1141 1379 1144 1384 .
1274 1317 1338 1384 540

280 1423 301 1455 “
314 1423 403 1488 'Palis
418 1423 455 1487 in
468 1423 561 1488 hoste
576 1421 641 1488 fuit
658 1423 800 1507 Priamo,
818 1422 872 1487 sed
884 1417 961 1506 jura
975 1423 1138 1507 fidemque

279 1529 301 1562 “
315 1527 478 1615 Supplicis
494 1528 633 1612 erubuit,
651 1549 831 1614 corpusque
847 1549 1011 1614 exsangue
1027 1527 1172 1612 sepulcro

279 1634 470 1700 “Reddidit
486 1633 696 1717 Hectoreum,
713 1654 831 1718 meque
847 1632 882 1696 in
898 1653 971 1696 mea
988 1653 1086 1718 regna
1101 1631 1257 1698 remisit.'’

280 1739 332 1805 Sic
348 1739 437 1804 fatus
453 1738 566 1821 senior,
584 1737 752 1822 telumque
768 1737 900 1802 imbelle
917 1736 984 1801 sine
1000 1737 1072 1800 ictu

280 1843 438 1930 Oonjeoit,
455 1865 551 1910 rauco
567 1844 655 1929 quod
670 1841 819 1928 protinus
834 1862 907 1906 aere
923 1842 1092 1927 repulsum
1273 1839 1338 1907 545

278 1949 323 2014 Et
341 1970 468 2015 summo
484 1948 579 2034 clipei
594 1949 816 2033 nequidquam
831 1948 977 2012 umbone
987 1947 1153 2032 pependit.

278 2054 342 2120 Oui
357 2054 521 2140 Pyrrhus:
547 2052 569 2087 “
580 2053 710 2119 Referes
726 2075 799 2140 ergo
814 2053 894 2118 haee
911 2061 944 2116 et
959 2052 1097 2118 nuntius
1112 2051 1173 2118 ibis

279 2160 443 2226 “Pelidae
459 2158 620 2246 genitori:
645 2158 695 2223 illi
710 2179 783 2222 mea
800 2157 907 2223 tristia
922 2158 1011 2222 facta

153 2265 157 2274 “
281 2267 578 2351 “Degeneremque
595 2263 848 2352 Neoptolemum
864 2283 991 2327 narrare
1007 2269 1179 2327 memento

279 2370 569 2435 “Nuncmorere.”
593 2368 664 2432 Hoc
675 2368 795 2452 dicens,
806 2368 922 2433 altaria
931 2369 973 2432 ad
982 2367 1053 2452 ipsa
1062 2373 1261 2432 trementem
1273 2369 1338 2434 550

278 2474 394 2540 Traxit
411 2482 444 2539 et
459 2474 495 2538 in
510 2473 616 2537 multo
631 2473 819 2558 lapsantem
835 2473 991 2557 sanguine
1009 2471 1089 2554 nati,

278 2577 514 2665 lmpliouitque
530 2597 657 2643 comam
671 2577 774 2661 laeva,
791 2578 972 2661 dextraque
989 2597 1157 2640 coruscum
1254 2650 1259 2656 ι

278 2685 412 2750 Extulit
428 2705 465 2750 ao
481 2683 578 2750 lateri
593 2683 709 2769 capulo
725 2691 821 2748 tenus
837 2683 964 2748 abdidit
981 2703 1100 2750 ensem.

277 2791 368 2856 Haec
385 2789 459 2855 finis
474 2788 599 2854 Priami
612 2789 755 2853 fatorum
764 2809 774 2872 ;
798 2788 852 2854 hic
868 2789 977 2854 exitus
993 2789 1089 2853 illum
1133 2813 1138 2823 ·

223 2947 228 2956 .
279 2897 373 2963 Sorte
389 2895 479 2980 tulit,
498 2893 630 2980 Trojam
645 2893 811 2958 incensam
827 2902 861 2958 et
877 2894 1028 2980 prolapsa
1044 2894 1211 2958 videntem
1273 2897 1337 2962 555

277 3003 447 3088 Pergama,
460 3008 513 3066 tot
529 3001 693 3085 quondam
709 3000 839 3085 populis
855 2999 1012 3084 terrisque
1028 2999 1204 3084 superbum
1377 2985 1380 2990 ’

277 3107 495 3193 Regnat-orem
512 3101 632 3170 Asiae:
653 3103 742 3188 jacet
757 3103 872 3190 ingens
887 3103 980 3168 litore
995 3111 1141 3186 truncus,

277 3211 505 3296 Avulsumque
521 3207 665 3274 humeris
681 3213 782 3293 caput
799 3217 832 3272 et
849 3207 917 3272 sine
933 3209 1062 3273 nomine
1078 3229 1203 3293 corpus.

344 3315 393 3380 Aa
409 3337 462 3379 me
477 3321 552 3378 tum
567 3313 712 3400 primum
729 3333 843 3378 saevus
859 3312 1076 3378 circumstetit
1092 3313 1208 3380 horror.

277 3420 464 3506 Obstupui:
491 3419 592 3484 subiit
608 3417 674 3484 cari
690 3418 844 3504 genitoris
859 3419 978 3504 imago,
1272 3423 1338 3488 560

277 3526 328 3593 Ut
343 3547 451 3611 regem
468 3545 669 3608 aequaevum
685 3523 809 3589 crudeli
824 3524 956 3589 vulnere
972 3524 1039 3590 vidi

276 3631 392 3697 Vitam
408 3630 636 3711 exhalantem3
661 3629 762 3694 subiit
777 3631 906 3694 deserta
923 3628 1045 3695 Creusa

276 3738 322 3804 Et
339 3737 466 3821 direpta
481 3736 597 3800 domus
612 3743 647 3798 et
662 3735 755 3819 parvi
771 3756 863 3800 casus
880 3735 956 3802 Iuli.

276 3840 425 3926 Respieio
441 3846 485 3922 et,
503 3859 586 3922 quae
603 3837 645 3902 sit
660 3859 712 3902 me
729 3838 851 3904 circum
867 3839 970 3924 copia,
987 3840 1100 3906 lustro.

278 3948 454 4014 Deseruere
469 3965 578 4010 omnes
593 3941 721 4028 defessi,
738 3951 772 4008 et
789 3965 919 4030 corpora
936 3944 1023 4030 saltu
1273 3947 1337 4012 565
