2838 4522
245 315 288 383 66
581 313 774 391 'lnrnmos
796 343 861 393 nra.
885 343 935 392 111.
1226 331 1229 334 ’

245 491 329 558 Vela
345 492 461 581 legunt
478 494 567 588 socii,
584 510 618 568 et
633 524 743 589 proras
758 503 802 568 ad
816 502 915 568 litora
929 508 1092 588 torquent.

246 609 367 674 Portus
383 609 425 674 ab
441 609 553 674 Euroo
568 607 675 672 fluctu
691 615 847 672 curvatus
862 605 897 672 in
912 627 1046 672 arcum:

248 709 506 798 Objectae'salsa
522 720 678 799 spumant
694 712 888 798 adspargine
906 719 1029 796 cautes,
1414 717 1415 722 ’

217 883 221 893 ,
246 817 323 903 Ipse
338 819 432 903 latet,
450 819 580 904 gemino
596 818 779 884 demittunt
795 817 928 882 brachia
942 839 1035 882 muro
1246 815 1312 881 535

245 921 372 985 Turriti
389 922 524 1007 scopuli,
542 922 727 1008 refugitque
742 921 784 985 ab
800 919 894 985 litore
910 921 1083 1005 templum.
1415 921 1416 944 ¹

248 1025 396 1106 Quatuor
410 1027 473 1110 hic,
487 1027 630 1112 primum
645 1047 751 1110 omen,
770 1046 869 1110 equos
884 1025 920 1088 in
935 1024 1080 1110 gramine
1096 1024 1164 1090 vidi

249 1129 434 1195 Tondentes
451 1151 604 1216 campum
620 1131 698 1215 late,
716 1131 853 1195 candore
869 1129 978 1196 nivali.

245 1234 292 1298 Et
309 1243 403 1320 pater
420 1235 601 1302 Anchises:
629 1234 650 1268 “
664 1235 808 1317 Bellum,
827 1256 845 1299 o
861 1242 946 1299 terra
961 1233 1102 1319 hospita,
1119 1241 1256 1319 portas:
1416 1315 1417 1328 χ

246 1337 267 1370 “
279 1339 372 1404 Bello
383 1348 552 1404 armantur
564 1339 649 1424 equi,
660 1339 784 1404 bellum
795 1339 874 1404 haec
885 1347 1033 1404 armenta
1044 1338 1226 1405 minant-ur.
1244 1338 1311 1405 540
1416 1351 1417 1402 7

246 1443 268 1476 “
282 1444 345 1510 sed
361 1452 473 1509 tamen
488 1445 577 1509 idem
593 1443 668 1508 olim
685 1465 782 1508 curru
798 1444 965 1509 succedere
983 1443 1071 1509 sueti

247 1546 268 1580 “
282 1548 526 1634 Quadrupedes,
542 1555 576 1613 et
591 1548 682 1612 frena
693 1548 773 1633 jugo
789 1548 958 1614 concordia
973 1547 1062 1631 ferre,

247 1653 272 1685 “
291 1652 370 1738 Spes
381 1661 420 1732 ,et
435 1653 557 1738 pacis,”
574 1653 630 1718 ait.
679 1651 768 1717 Tum
783 1652 920 1716 numina
936 1659 1049 1717 saneta
1064 1673 1238 1738 precamur

244 1755 389 1821 Palladis
405 1757 594 1842 armisonae,
612 1777 696 1842 quae
711 1756 818 1842 prima
833 1757 960 1842 accepit
975 1763 1126 1838 ovantes,

241 1859 288 1924 Et
304 1861 416 1946 capita
431 1869 508 1926 ante
524 1883 595 1927 aras
612 1862 754 1948 Phrygio
769 1861 916 1927 velamur
930 1861 1055 1927 amictu
1070 1881 1079 1944 3
1241 1859 1309 1927 545

241 1965 494 2051 Praeceptisque
510 1966 641 2051 Heleni,
658 1968 793 2032 dederat
809 1987 892 2052 quae
907 1967 1063 2050 maxima,
1080 1965 1143 2031 rite

239 2070 264 2135 J
265 2070 367 2152 unoni
384 2070 527 2157 Argivae
539 2071 646 2157 jussos
661 2072 828 2136 adolemus
845 2071 988 2137 honores.

243 2173 345 2241 Haud
360 2197 469 2243 mora:
495 2176 651 2242 continuo
666 2175 817 2261 perfectis
833 2176 943 2240 ordine
958 2176 1052 2260 votis,

241 2277 373 2344 Cornua
388 2280 572 2344 velatarum
588 2279 787 2346 obvertimus
802 2287 1027 2363 antennarum,

239 2382 529 2469 Grajugenumque
544 2386 655 2450 domos
671 2390 889 2469 suspectaque
904 2382 1084 2468 linquimus
1099 2405 1185 2449 arva.
1234 2384 1303 2450 550

238 2485 325 2552 Hinc
341 2489 430 2554 sinus
447 2488 611 2573 Herculei,
628 2489 656 2554 si
671 2510 747 2552 vera
763 2495 812 2553 est
829 2488 928 2572 fama,
947 2487 1082 2553 Tarenti

236 2577 408 2675 ¹(lernitur3
434 2593 561 2657 attollit
578 2614 612 2658 se
630 2592 706 2658 diva
721 2593 858 2658 Lacinia
873 2601 996 2676 contra,

240 2695 461 2781 Caulonisque
476 2719 565 2761 arces
581 2705 614 2762 et
629 2697 837 2783 navifragum
854 2698 1056 2782 Scylaceum.

238 2800 327 2865 Tum
343 2785 488 2888 procule
504 2802 609 2867 fluctu
626 2802 793 2868 Trinacria
809 2803 953 2868 cernitur
968 2803 1078 2869 Aetna
1091 2824 1100 2886 3

232 2905 280 2970 Et
295 2905 457 2990 gemitum
472 2906 640 2992 ingentem
655 2907 764 2992 pelagi
778 2907 974 2992 pulsataque
990 2930 1070 2972 saxa
1231 2909 1298 2974 555

237 3008 404 3074 Audimus
418 3010 523 3096 longe,
541 3010 727 3095 fractasque
743 3011 786 3076 ad
801 3010 898 3076 litora
912 3032 1005 3076 voces
1020 3031 1029 3093 ;

237 3113 485 3199 Exsultantque
500 3114 593 3198 vada,
611 3122 711 3199 atque
727 3121 822 3179 aestu
836 3114 1015 3179 miscentur
1029 3134 1154 3180 arenae.

232 3217 279 3282 Ht
295 3226 389 3304 pater
404 3218 584 3286 Anchises:
612 3217 811 3284 “Nimirum
826 3219 905 3284 haec
922 3219 981 3283 illa
998 3217 1201 3303 Charybdim

235 3321 256 3354 “
270 3323 340 3389 Hos
357 3323 504 3389 Helenus
520 3323 679 3410 scopulos,
696 3323 775 3388 haec
791 3344 870 3388 saxa
885 3323 1042 3390 horrenda
1057 3323 1221 3390 canebat:

234 3425 256 3461 “
268 3428 409 3514 Eripite,
426 3451 445 3494 o
461 3428 548 3514 socii,
566 3428 757 3515 pariterque
767 3427 926 3513 insurgite
942 3428 1039 3493 remis
1050 3433 1058 3495 1
1070 3430 1089 3457 ''
1235 3429 1301 3494 560

235 3531 338 3598 Haud
353 3535 462 3598 minus
478 3555 515 3598 ac
527 3533 611 3618 jussi
625 3532 772 3614 faciunt;
798 3533 986 3618 primusque
1002 3533 1174 3598 rudentem

232 3638 400 3704 Oontorsit
415 3641 524 3703 laevas
540 3659 669 3723 proram
687 3638 863 3702 Palinurus
880 3639 923 3702 ad
938 3638 1063 3719 undas3

234 3743 380 3808 Laevam
396 3749 516 3808 cuncta
531 3742 642 3806 cohors
658 3742 753 3806 remis
769 3741 941 3826 ventisque
955 3740 1084 3826 petivit.

234 3847 398 3912 Tollimur
413 3847 448 3911 in
464 3846 590 3911 coelum
605 3854 739 3910 curvato
754 3845 893 3932 gurgite,
911 3852 945 3909 et
960 3846 1050 3910 idem

234 3951 405 4018 Subducta
420 3952 463 4016 ad
479 3949 593 4016 Manes
608 3949 691 4015 imos
705 3949 889 4016 desedimus
904 3950 994 4015 unda
1010 3970 1020 4034 ς
1234 3951 1302 4018 565
1358 4023 1361 4028 ,
