2898 4518
507 325 678 372 susurros
700 327 766 375 ura.
792 327 823 374 v.
1154 309 1197 376 95

127 482 150 516 “
164 482 365 551 Sufficimus.
415 483 556 570 Superat
572 484 727 570 quoniam
743 486 903 571 Fortuna,
921 489 1106 572 sequamur,

128 589 150 622 “
163 590 304 675 Quoque
318 597 427 676 vocat,
444 599 610 658 vertamus
625 594 697 660 iter.
744 593 814 660 Nec
829 595 926 662 litora
941 596 1037 682 longe

128 695 149 727 “
162 697 251 761 Fida
266 718 337 762 reor
349 697 493 762 fraterna
508 698 621 783 Erycis
636 707 816 786 portusque
833 701 975 786 Sicanos,

128 800 149 833 “
164 802 203 868 Si
217 803 314 867 modo
328 803 390 868 rite
405 824 530 868 memor
544 811 672 870 serrata
686 806 836 872 remetior
850 809 970 872 astra.''
1151 808 1194 874 25

127 907 219 972 Tum
235 907 310 994 pius
324 907 455 974 Aeneas
469 929 478 991 ;
505 908 702 994 “Equidem
719 909 765 976 sic
779 932 911 998 poscere
925 919 1038 978 ventos

128 1012 149 1046 “
161 1013 190 1078 J
192 1013 373 1078 amdudum
388 1020 423 1078 et
438 1013 558 1080 frustra
574 1023 717 1080 carnote
733 1016 866 1082 tendere
882 1024 1015 1084 contra:

128 1117 149 1148 “
162 1117 281 1182 Flecte
296 1117 386 1182 viam
399 1118 489 1185 velis.
536 1118 593 1184 An
608 1118 652 1184 sit
669 1119 751 1184 mihi
766 1121 890 1206 gratior
904 1121 983 1207 ulla,

128 1222 150 1254 “
162 1222 277 1303 Quove
292 1223 396 1309 magis
410 1223 512 1290 fessas
527 1232 640 1310 optem
656 1225 829 1292 demittere
844 1217 954 1310 naves,

128 1327 148 1360 “
163 1327 274 1408 Quam
289 1348 375 1412 quae
392 1327 600 1394 Dardanium
615 1329 714 1394 tellus
730 1329 810 1395 mihi
827 1337 936 1396 servat
952 1329 1109 1415 Acesten,
1150 1330 1193 1394 30

127 1431 148 1464 “
163 1432 212 1496 Et
227 1433 331 1518 patris
346 1432 510 1498 Anchisae
525 1433 646 1519 gremio
662 1435 893 1520 complectitur
907 1457 979 1502 ossa
996 1436 1043 1501 ?’'

127 1537 222 1602 Haec
237 1538 296 1603 ubi
311 1538 421 1621 dicta;
446 1547 566 1626 petunt
582 1547 706 1625 portus,
724 1548 758 1605 et
773 1539 847 1606 vela
863 1541 997 1607 secundi

127 1643 315 1708 intendunt
331 1643 491 1729 Zephyri:
516 1643 620 1710 fertur
635 1644 703 1710 cita
717 1645 848 1732 gurgite
864 1645 985 1731 classis,

126 1748 175 1812 Et
190 1749 327 1813 tandem
341 1749 422 1814 laeti
437 1757 533 1814 uotae
550 1751 769 1816 advertuntur
784 1773 909 1818 arenae.

196 1853 247 1920 At
262 1857 376 1940 procul
391 1857 517 1922 excelso
533 1855 672 1922 miratus
687 1857 808 1923 vertice
824 1857 947 1923 montis
1149 1857 1192 1938 35

126 1959 322 2024 Adventum
340 1959 505 2045 sociasque
522 1967 618 2044 rates,
636 1961 774 2026 occurrit
792 1960 938 2044 Acestes,

127 2064 290 2130 Horridus
301 2063 337 2128 in
348 2063 466 2149 jaculis
482 2072 515 2130 et
530 2064 614 2150 pelle
630 2063 810 2148 Libystidis
824 2085 930 2149 ursae,

129 2169 230 2234 Troia
246 2168 384 2235 Crimiso
400 2178 595 2256 conceptum
610 2163 745 2235 flumine
760 2177 867 2235 mater

129 2274 237 2356 Quem
252 2275 375 2360 genuit.
422 2275 583 2341 Veterum
598 2297 663 2342 non
678 2275 850 2341 immemor
865 2275 921 2340 ille
937 2280 1123 2361 pareutum,

129 2380 292 2446 (irrotatur
303 2381 437 2447 reduces
453 2389 487 2448 et
502 2403 583 2468 gaza
598 2382 705 2447 laetus
721 2381 842 2468 agresti
1147 2377 1192 2444 40

127 2485 276 2571 Excipit,
292 2508 331 2551 ac
345 2487 443 2552 fessos
459 2487 575 2572 opibus
592 2486 715 2552 solatur
729 2486 851 2553 amicis.

128 2591 266 2656 Postera
281 2612 385 2677 quum
400 2591 505 2678 primo
520 2593 632 2658 stellas
648 2591 781 2659 Oriente
796 2591 928 2678 fugarat

128 2696 227 2763 Olara
241 2697 309 2763 dies
323 2719 332 2780 3
357 2698 458 2763 socios
472 2697 508 2763 in
523 2704 653 2764 coetum
668 2698 762 2763 litore
777 2697 819 2762 ab
834 2695 924 2762 omni

127 2803 279 2868 Advocat
295 2803 423 2868 Aeneas
438 2803 626 2887 tumulique
642 2815 814 2888 exaggera
828 2801 941 2868 fatur:

128 2907 373 2974 “Dardanidae
388 2908 510 2994 magni,
528 2929 630 2994 genus
646 2908 713 2972 alto
729 2929 749 2971 a
764 2905 923 2993 sanguine
940 2903 1065 2988 divum,
1145 2899 1189 2968 45

127 3011 306 3078 “Annuus
321 3012 444 3078 exactis
460 3013 641 3098 completur
655 3011 822 3077 mensibus
837 3010 931 3094 orbis,

127 3116 148 3149 “
161 3115 217 3181 Ex
233 3137 297 3202 quo
312 3116 464 3204 reliquias
479 3117 646 3202 divinique
661 3139 734 3182 ossa
749 3115 902 3202 parentis

127 3222 375 3289 “Condidimus
391 3230 478 3288 terra
493 3231 699 3308 maestasque
716 3220 917 3288 sacravimus
932 3239 1017 3301 aras,

127 3327 149 3360 “
162 3326 187 3392 J
188 3347 307 3413 amque
322 3327 402 3412 dies,
418 3327 481 3393 nisi
495 3328 599 3412 fallor,
616 3328 719 3411 adest,
736 3347 835 3412 quem
851 3343 975 3408 semper
991 3320 1157 3404 acerbum,

126 3421 296 3519 “-Sernper
309 3432 566 3499 honoratum-sic
583 3433 617 3498 di
631 3429 933 3498 voluistis-habebo
952 3423 957 3432 ’
1145 3427 1188 3493 50

126 3537 147 3568 “
159 3536 260 3602 Hunc
276 3559 336 3623 ego
352 3536 504 3603 Gaetulis
519 3558 649 3623 agerem
665 3537 693 3602 si
710 3534 861 3620 Syrtibus
877 3532 980 3617 exsul,

126 3643 146 3675 ‘⁴
160 3643 352 3730 Argolicove
367 3642 451 3708 mari
467 3643 643 3729 deprensus
658 3649 693 3707 et
708 3641 787 3706 urbe
803 3638 959 3724 Mycenae
973 3657 982 3721 3

126 3747 148 3779 “
158 3747 284 3812 Annua
299 3755 376 3812 vota
391 3755 503 3812 tamen
518 3747 741 3830 solemnesque
757 3741 868 3809 ordine
884 3763 1021 3829 pompas
1055 3741 1067 3766 ⁹

126 3852 147 3885 “
157 3853 374 3938 Exsequerer,
391 3860 614 3937 strueremque
630 3849 697 3916 suis
713 3848 830 3924 altaria
845 3846 947 3914 donis.

126 3958 146 3990 “
159 3959 259 4025 Nunc
276 3957 365 4023 ultro
381 3957 424 4022 ad
439 3957 560 4024 cineres
575 3955 679 4042 ipsius
694 3962 728 4020 et
743 3976 814 4020 ossa
829 3949 985 4038 parentis,
1144 3947 1187 4013 55
