2838 4522
251 279 293 344 38
611 296 781 344 nnunrnos
804 295 869 346 nm.
893 296 929 345 11.

250 429 575 522 Vadimuslimmixti
591 457 715 522 Danais
730 457 819 522 haud
834 459 967 522 numine
982 463 1101 532 nostro,

251 545 499 650 Multaque'per
515 583 646 626 caecam
662 561 823 648 congressi
837 561 960 647 proelia
976 568 1107 626 noctem

252 664 468 750 Conserimus,
486 666 608 731 multos
625 666 782 730 Danaum
797 666 1003 730 demittimus
1020 665 1110 731 Orco.

252 767 443 854 Diffugiunt
458 769 515 834 alii
530 769 573 834 ed
588 791 698 853 naves,
717 777 750 834 et
766 770 862 834 litora
878 791 975 834 cursu
1013 801 1016 808 ·

253 873 338 938 Fide
353 881 472 959 petunt
487 895 495 957 ;
521 896 594 960 pars
609 871 778 960 ingentem
793 875 964 960 formidine
979 874 1068 960 turpi
1160 879 1171 900 ⁸
1249 871 1316 937 400

254 979 424 1044 Scandunt
439 1001 550 1044 rursus
566 999 703 1064 equum,
722 989 755 1044 et
772 987 850 1044 nota
866 981 1053 1045 conduntur
1067 979 1103 1043 in
1118 979 1201 1044 alre.

253 1085 330 1167 Heu
343 1085 427 1174 ⁴nihil
442 1084 554 1150 invitis
569 1084 619 1149 fas
635 1105 835 1169 quemquam
850 1081 948 1150 fidere
963 1085 1066 1151 divisi

253 1189 338 1254 Ecce
354 1189 547 1254 trahebatur
561 1189 664 1274 passis
680 1189 843 1254 Priameia
859 1189 947 1274 virgo

254 1293 406 1358 Crinibus
422 1315 442 1357 a
458 1294 581 1380 templo
599 1292 779 1359 Cassandra
794 1293 967 1378 adytisque
984 1293 1160 1376 Minervae,

254 1397 309 1462 Ad
325 1399 450 1463 coelum
465 1398 602 1462 tendens
617 1397 766 1465 ardentia
781 1395 908 1462 lumina
922 1398 1053 1480 fmstra,
1077 1411 1085 1426 ·

254 1503 406 1587 Lumina,
420 1524 498 1566 nam
512 1509 641 1568 teneras
657 1502 811 1568 arcebant
829 1503 960 1568 vincula
975 1505 1111 1589 palmas.

256 1607 331 1672 Non
343 1608 422 1672 tulit
437 1607 522 1672 hano
538 1606 680 1692 speciem
694 1607 816 1672 furiata
832 1619 942 1673 mente
959 1608 1134 1693 Coroebus,

255 1711 301 1776 Et
319 1733 386 1776 sese
402 1711 548 1776 medium
562 1711 675 1796 injecit
691 1711 855 1797 periturus
873 1713 907 1777 in
923 1734 1059 1799 agmen:
1181 1746 1185 1754 =

204 1857 211 1876 .
256 1817 494 1902 Consequimur
509 1817 621 1882 cuncti
636 1825 670 1882 et
686 1817 794 1882 densis
809 1817 1003 1884 incurrimus
1015 1808 1124 1884 armis.

256 1921 320 1986 Hic
337 1923 480 2008 primum
492 1942 534 1986 ex
548 1923 616 1987 alto
632 1921 760 1989 delubri
775 1923 915 1987 culmine
931 1924 1005 1988 telis

256 2027 450 2092 Nostrorum
466 2027 641 2112 obruimur,
659 2028 825 2112 oriturque
841 2029 1022 2094 miserrima
1039 2031 1152 2095 caedes

256 2131 432 2196 Armorum
447 2131 530 2196 facie
547 2139 581 2196 et
598 2131 772 2197 Graiarum
788 2153 888 2197 errore
901 2133 1078 2218 jubarum..
1099 2135 1124 2210 „s
1133 2215 1138 2222 .

258 2237 345 2300 Tum
362 2236 471 2302 Danai
485 2236 612 2322 gemitu
627 2244 728 2321 atque
745 2246 873 2322 ereptae
887 2238 1022 2324 virginis
1031 2211 1100 2304 ui(
1139 2219 1150 2232 Ἰ

258 2342 414 2427 Undique
430 2341 560 2406 collecti
575 2341 747 2426 invadunt,
764 2343 1056 2428 acerrimusAjax,

257 2447 303 2512 Et
320 2446 442 2532 gemini
457 2446 605 2530 Atridae,
624 2447 853 2532 Dolopumque
868 2449 1028 2514 exercitus
1044 2449 1166 2516 omnis:

89 2638 94 2649 Ι
131 2615 178 2656 ὡ,
259 2553 396 2618 Adversi
412 2559 508 2637 rupto
524 2573 583 2616 eeu
599 2553 765 2636 quondam
780 2553 911 2617 turbine
927 2555 1018 2646 venti

66 2662 70 2676 ’
87 2654 89 2662 '
259 2657 448 2742 Confligunt
464 2655 696 2742 Zephyrusque
712 2656 885 2742 Notusque
901 2667 934 2722 et
951 2659 1059 2723 laetus
1074 2654 1153 2724 blois

25 2785 27 2798 ¹
258 2763 368 2828 Eurus
384 2761 486 2846 equis,
503 2761 647 2826 stridunt
665 2761 772 2846 silvae,
790 2762 957 2847 saevitque
973 2761 1119 2828 tridentil

260 2869 424 2953 Spumeus
441 2874 541 2950 atque
556 2865 622 2932 imo
638 2865 764 2932 Nereus
780 2867 844 2932 ciet
860 2889 999 2952 aequora
1014 2868 1136 2934 fundo:

259 2972 315 3036 llli
331 2971 441 3057 etiam,
459 2969 486 3035 si
502 2992 582 3055 quos
598 2970 733 3035 obseura
749 2979 843 3035 nocte
860 2973 1085 3056 per’umbram

259 3076 421 3160 Fudimus
436 3075 560 3140 insidiis
576 3082 710 3160 totaque
725 3075 921 3160 agitavimus
936 3076 1025 3160 urbe,

259 3183 442 3267 Apparent,
458 3179 556 3266 primi
571 3178 691 3269 clipeos
706 3181 913 3265 mentitaque
930 3182 997 3245 tela

259 3287 463 3372 Agnoscunt,
480 3291 580 3369 etque
596 3303 652 3350 ora
668 3305 744 3350 sono
760 3284 919 3349 discordia
933 3284 1074 3370 signant.

260 3393 356 3456 Ilicet
372 3391 538 3456 obruimur
552 3409 708 3471 numer03
733 3389 921 3474 primusque
939 3389 1101 3455 Coroebus

263 3496 391 3560 Penelei
407 3496 523 3560 dextre
539 3495 634 3560 divae
650 3493 876 3578 armipotentis
892 3495 934 3558 ad
951 3517 1041 3558 aram

261 3601 451 3665 Procumbit
466 3621 475 3682 ;
500 3601 589 3664 cadit
606 3608 639 3664 et
656 3599 813 3684 Rhipeus,
829 3599 1031 3684 justissimus
1048 3621 1134 3666 unus

261 3705 326 3786 Qui
340 3704 405 3768 fuit
417 3707 452 3768 in
469 3703 602 3768 Teucris
618 3711 651 3767 et
667 3703 928 3768 servantissimus
944 3703 1059 3788 aequi:
1214 3701 1220 3708 ’

261 3810 321 3874 Dis
336 3807 433 3874 aliter
447 3808 574 3890 visum3
598 3815 735 3893 pereunt
752 3805 967 3893 Hypanisque
985 3809 1188 3894 Dymasque,

262 3913 392 3982 Confixi
407 3936 427 3979 e
444 3913 546 3997 sociis,
565 3935 624 3978 nec
640 3920 674 3978 te
690 3920 750 3978 tua
766 3914 919 4000 plurima,
937 3915 1083 3999 Panthu,
