2838 4522
431 324 604 372 AENEIDOS
627 325 692 372 LIB.
718 326 767 370 111.

90 482 177 550 Forte
190 485 252 552 fuit
262 486 363 572 juxta
379 485 539 569 tumulus,
557 505 621 569 quo
637 505 751 550 cornea
768 503 895 548 summo

90 589 227 677 Virgulta
241 600 274 658 et
290 591 401 658 densis
415 591 591 656 hastilibus
607 591 737 656 horrida
752 598 889 674 myrtus.

90 697 216 784 Accessi,
233 698 492 784 viridemqueab
508 699 609 763 humo
624 697 800 762 convellere
817 696 936 762 silvam

91 800 230 887 (loliatus,
247 803 347 868 ramis
362 811 508 890 tegerem
522 809 562 867 ut
577 800 804 867 frondentibus
820 821 902 884 aras,

91 903 284 972 Horrendum
300 914 335 971 et
351 907 444 972 dictu
460 905 552 971 video
567 905 715 970 mirabile
731 913 924 970 monstrum.

88 1006 260 1096 Numquae
276 1012 384 1098 prima
400 1013 465 1078 solo
481 1012 586 1098 ruptis
601 1013 763 1078 radicibus
778 1013 871 1077 arbos

88 1113 227 1201 Vellitur,
243 1119 323 1183 huic
339 1125 409 1184 atro
425 1118 598 1203 liquuntur
614 1117 771 1203 sanguine
787 1125 914 1204 guttae,

87 1216 127 1282 Et
142 1227 256 1285 terram
272 1223 351 1287 tabo
367 1222 545 1289 maculant.
593 1221 677 1286 Mihi
691 1221 827 1308 fiigidus
842 1221 952 1286 horror

88 1309 222 1390 Membra
237 1325 359 1410 quatit,
376 1326 567 1412 gelidusque
583 1327 648 1392 coit
663 1327 834 1392 formidine
851 1326 991 1413 sanguis.

87 1425 200 1494 Rursus
215 1438 247 1495 et
263 1431 400 1496 alterius
415 1430 544 1496 lentum
560 1431 858 1496 convellere-vimen

86 1528 239 1618 Insequor‚
256 1541 291 1599 et
309 1555 423 1599 causas
438 1534 572 1620 penitus
587 1541 717 1600 tentare
733 1535 896 1618 latentes;

86 1635 159 1702 Ater
179 1647 211 1702 et
234 1638 371 1704 alterius
387 1639 536 1724 sequitur
550 1640 591 1704 de
608 1639 725 1704 cortice
741 1641 881 1727 sanguis.
1008 1716 1010 1722 ¹

86 1741 183 1808 Multa
198 1767 331 1811 movens
346 1745 465 1829 animo,
484 1744 656 1830 Nymphas
671 1735 847 1812 venerabar
861 1755 1003 1832 agrestes

85 1846 321 1936 Gradivumque
336 1844 474 1936 patrem,
493 1849 618 1916 Geticis
635 1850 692 1936 qui
707 1852 868 1936 praesidet
884 1852 979 1935 urvis,

86 1951 155 2019 Rite
170 1959 385 2022 secundarent
401 1957 489 2021 visus
506 1977 664 2041 omenque
679 1958 834 2024 levarent.

84 2059 187 2126 Tertia
202 2064 258 2128 sed
273 2070 452 2149 postquam
467 2061 586 2146 majore
602 2062 735 2126 hastilia
750 2062 825 2126 nisu

82 2163 255 2252 Aggredior
269 2167 473 2254 genibusque
489 2168 640 2232 adversae
657 2166 804 2231 obluctor
819 2187 932 2230 arenae
944 2187 969 2248 ;·

82 2267 225 2357 Eloquar,
243 2294 289 2337 an
304 2272 419 2338 sileam
429 2273 463 2338 Ρ·
487 2271 629 2357 gemitus
644 2270 856 2336 lacrimabilis
871 2271 937 2336 imo

82 2375 222 2442 Auditur
236 2378 379 2462 tumulo,
397 2385 430 2442 et
445 2399 509 2442 vox
524 2378 654 2443 reddita
668 2378 774 2442 fertur
789 2379 832 2443 ad
847 2397 962 2444 aures:
1092 2376 1137 2442 40

84 2478 194 2563 “Quid
211 2484 380 2567 miserum,
396 2482 519 2568 Aenea,
535 2484 687 2550 laceras?
712 2483 792 2548 dam
809 2505 903 2569 parce
920 2483 1058 2568 sepulto,

82 2582 208 2653 “Parce
224 2588 299 2674 pias
315 2588 467 2654 scelerare
482 2609 619 2654 manus:
644 2609 710 2652 non
725 2607 777 2652 me
794 2589 855 2654 tibi
872 2588 970 2674 'Proja
1028 2643 1029 2646 ,
1063 2585 1072 2592 ’

81 2685 298 2758 “Externum
313 2693 403 2776 tulit,
418 2699 477 2757 aut
492 2713 586 2757 cruor
599 2691 652 2757 hic
669 2693 710 2757 de
725 2693 838 2778 stipite
855 2701 978 2760 manat.

81 2791 186 2862 “Heu
199 2798 278 2883 fuge
294 2798 439 2863 crudeles
455 2805 567 2880 terras,
584 2797 662 2884 fuge
678 2798 758 2864 litus
774 2821 910 2864 avarum
924 2821 932 2866 ε
1017 2837 1019 2841 ·

80 2897 195 2967 “Nam
212 2902 395 2988 Polydorus
411 2924 478 2990 ego.
526 2903 591 2968 Hic
607 2905 772 2969 confixum
787 2907 889 2970 ferrea
905 2905 989 2971 texit
1091 2902 1135 2971 45

80 3002 98 3036 “
109 3005 261 3072 Telorum
277 3029 368 3093 seges
383 3015 416 3072 et
429 3006 548 3092 jaculis
563 3008 700 3074 increvit
716 3011 853 3076 acutis.''

79 3104 162 3170 Tum
177 3129 253 3173 vero
269 3107 407 3192 ancipiti
421 3115 567 3172 mentem
582 3109 754 3174 formidine
770 3131 898 3195 pressus

78 3203 249 3294 Obstupui,
268 3199 495 3291 steteruntque
511 3229 622 3272 comae
638 3215 672 3272 et
688 3231 752 3275 vox
766 3210 915 3274 faucibus
931 3208 1045 3276 haesit.

80 3309 173 3378 Hunc
191 3313 395 3397 Polydorum
410 3313 482 3377 auri
498 3314 663 3398 quondam
679 3336 756 3379 cum
772 3315 912 3400 pondere
929 3337 1048 3400 magno
1092 3397 1096 3404 ι

76 3413 191 3483 Infelix
208 3417 362 3484 Priamus
377 3416 492 3482 furtim
507 3418 680 3484 mandarat
697 3419 853 3483 alendum
1093 3423 1136 3487 50

76 3518 221 3587 Threicio
238 3521 318 3606 regi,
336 3541 440 3606 quum
451 3520 522 3606 jam
537 3521 700 3588 diffideret
715 3523 814 3588 armis

76 3622 262 3691 Dardaniae
278 3624 429 3710 cingique
446 3625 559 3690 urbem
575 3626 739 3692 obsidione
754 3627 888 3695 videret.

75 3725 142 3814 Ille,
158 3738 198 3795 ut
215 3749 296 3814 opes
312 3729 433 3794 fractae
451 3730 625 3814 Teucrum,
643 3739 677 3796 et
693 3731 842 3798 Fortuna
858 3735 1000 3820 recessit,

75 3831 136 3900 Res
151 3834 435 3921 Agamemnonias
451 3835 661 3920 victriciaque
676 3858 767 3902 arma
783 3847 925 3924 secutus,

75 3937 135 4006 uas
149 3959 249 4008 omne
266 3938 444 4024 abrumpit,
462 3938 660 4024 Polydorum
676 3942 860 4023 obtruncat,
877 3951 912 4008 et
928 3964 1007 4008 auro
1091 3945 1135 4010 55
