<?xml version="1.0" encoding="UTF-8"?>
<!DOCTYPE html PUBLIC "-//W3C//DTD XHTML 1.0 Transitional//EN"
    "http://www.w3.org/TR/xhtml1/DTD/xhtml1-transitional.dtd">
<html xmlns="http://www.w3.org/1999/xhtml" xml:lang="en" lang="en">
 <head>
  <title>
</title>
<meta http-equiv="Content-Type" content="text/html;charset=utf-8" />
  <meta name='ocr-system' content='tesseract 3.04.00' />
  <meta name='ocr-capabilities' content='ocr_page ocr_carea ocr_par ocr_line ocrx_word'/>
</head>
<body>
  <div class='ocr_page' id='page_1' title='image "./virgilsaeneidwi00virggoog_0087.png"; bbox 0 0 2838 4522; ppageno 0'>
   <div class='ocr_carea' id='block_1_1' title="bbox 484 285 1190 353">
    <p class='ocr_par' dir='ltr' id='par_1_1' title="bbox 484 285 1190 353">
     <span class='ocr_line' id='line_1_1' title="bbox 484 285 1190 353; baseline -0.001 -3"><span class='ocrx_word' id='word_1_1' title='bbox 484 301 655 350; x_wconf 79' lang='lat' dir='ltr'>snumnos</span> <span class='ocrx_word' id='word_1_2' title='bbox 677 303 742 353; x_wconf 83' lang='lat' dir='ltr'>nm.</span> <span class='ocrx_word' id='word_1_3' title='bbox 766 303 816 352; x_wconf 89' lang='lat'>111.</span> <span class='ocrx_word' id='word_1_4' title='bbox 1147 285 1190 350; x_wconf 90' lang='grc'>63</span> 
     </span>
    </p>
   </div>
   <div class='ocr_carea' id='block_1_2' title="bbox 80 459 1191 4030">
    <p class='ocr_par' dir='ltr' id='par_1_2' title="bbox 124 459 1191 648">
     <span class='ocr_line' id='line_1_2' title="bbox 124 459 1191 548; baseline -0.002 -21"><span class='ocrx_word' id='word_1_5' title='bbox 124 461 146 496; x_wconf 84' lang='grc'><strong><em>“</em></strong></span> <span class='ocrx_word' id='word_1_6' title='bbox 160 461 364 546; x_wconf 74' lang='lat' dir='ltr'>(lassantem,</span> <span class='ocrx_word' id='word_1_7' title='bbox 380 462 494 548; x_wconf 88' lang='lat' dir='ltr'>longos</span> <span class='ocrx_word' id='word_1_8' title='bbox 510 471 543 528; x_wconf 89' lang='lat' dir='ltr'>et</span> <span class='ocrx_word' id='word_1_9' title='bbox 560 459 810 530; x_wconf 85' lang='lat' dir='ltr'>circumflectere</span> <span class='ocrx_word' id='word_1_10' title='bbox 826 483 950 548; x_wconf 89' lang='lat' dir='ltr'>cursus,</span> <span class='ocrx_word' id='word_1_11' title='bbox 1099 484 1104 492; x_wconf 67' lang='grc'><strong>“</strong></span> <span class='ocrx_word' id='word_1_12' title='bbox 1124 460 1191 526; x_wconf 89' lang='grc'>430</span> 
     </span>
     <span class='ocr_line' id='line_1_3' title="bbox 124 566 1002 648; baseline 0 -16"><span class='ocrx_word' id='word_1_13' title='bbox 124 566 146 600; x_wconf 85' lang='grc'><strong>“</strong></span> <span class='ocrx_word' id='word_1_14' title='bbox 161 568 269 648; x_wconf 84' lang='lat' dir='ltr'>Quam</span> <span class='ocrx_word' id='word_1_15' title='bbox 285 568 386 633; x_wconf 90' lang='lat' dir='ltr'>semel</span> <span class='ocrx_word' id='word_1_16' title='bbox 401 567 575 634; x_wconf 83' lang='lat' dir='ltr'>informem</span> <span class='ocrx_word' id='word_1_17' title='bbox 590 577 682 634; x_wconf 88' lang='lat' dir='ltr'>vasto</span> <span class='ocrx_word' id='word_1_18' title='bbox 698 568 816 634; x_wconf 84' lang='lat' dir='ltr'>vidisse</span> <span class='ocrx_word' id='word_1_19' title='bbox 833 569 893 634; x_wconf 91' lang='lat' dir='ltr'>sub</span> <span class='ocrx_word' id='word_1_20' title='bbox 908 574 1002 632; x_wconf 89' lang='lat' dir='ltr'>antro</span> 
     </span>
    </p>

    <p class='ocr_par' dir='ltr' id='par_1_3' title="bbox 80 673 981 757">
     <span class='ocr_line' id='line_1_4' title="bbox 80 673 981 757; baseline 0.002 -21"><span class='ocrx_word' id='word_1_21' title='bbox 80 731 82 736; x_wconf 83' lang='lat'><em>.</em></span> <span class='ocrx_word' id='word_1_22' title='bbox 125 673 146 705; x_wconf 89' lang='lat'><strong>“</strong></span> <span class='ocrx_word' id='word_1_23' title='bbox 162 673 306 757; x_wconf 83' lang='lat' dir='ltr'>Scyllam</span> <span class='ocrx_word' id='word_1_24' title='bbox 322 680 356 736; x_wconf 88' lang='lat' dir='ltr'>et</span> <span class='ocrx_word' id='word_1_25' title='bbox 373 674 527 738; x_wconf 80' lang='lat' dir='ltr'>caeruleis</span> <span class='ocrx_word' id='word_1_26' title='bbox 544 674 678 740; x_wconf 89' lang='lat' dir='ltr'>canibus</span> <span class='ocrx_word' id='word_1_27' title='bbox 694 674 877 739; x_wconf 82' lang='lat' dir='ltr'>resonantia</span> <span class='ocrx_word' id='word_1_28' title='bbox 893 694 981 740; x_wconf 85' lang='lat' dir='ltr'>saxa.</span> 
     </span>
    </p>

    <p class='ocr_par' dir='ltr' id='par_1_4' title="bbox 125 778 968 864">
     <span class='ocr_line' id='line_1_5' title="bbox 125 778 968 864; baseline 0 -22"><span class='ocrx_word' id='word_1_29' title='bbox 125 778 146 810; x_wconf 88' lang='lat'><strong><em>“</em></strong></span> <span class='ocrx_word' id='word_1_30' title='bbox 157 779 343 862; x_wconf 87' lang='lat' dir='ltr'>Praeterea,</span> <span class='ocrx_word' id='word_1_31' title='bbox 361 778 389 843; x_wconf 93' lang='lat' dir='ltr'>si</span> <span class='ocrx_word' id='word_1_32' title='bbox 404 800 471 863; x_wconf 91' lang='lat' dir='ltr'>qua</span> <span class='ocrx_word' id='word_1_33' title='bbox 486 786 536 843; x_wconf 92' lang='lat' dir='ltr'>est</span> <span class='ocrx_word' id='word_1_34' title='bbox 552 778 677 844; x_wconf 89' lang='lat' dir='ltr'>Heleno</span> <span class='ocrx_word' id='word_1_35' title='bbox 694 779 880 864; x_wconf 83' lang='lat' dir='ltr'>prudentia,</span> <span class='ocrx_word' id='word_1_36' title='bbox 897 778 968 844; x_wconf 87' lang='lat' dir='ltr'>vati</span> 
     </span>
    </p>

    <p class='ocr_par' dir='ltr' id='par_1_5' title="bbox 124 868 976 969">
     <span class='ocr_line' id='line_1_6' title="bbox 124 868 976 969; baseline 0 -21"><span class='ocrx_word' id='word_1_37' title='bbox 124 880 146 915; x_wconf 88' lang='lat'>“</span> <span class='ocrx_word' id='word_1_38' title='bbox 162 883 198 948; x_wconf 79' lang='lat' dir='ltr'>si</span> <span class='ocrx_word' id='word_1_39' title='bbox 213 903 280 966; x_wconf 88' lang='lat' dir='ltr'>qua</span> <span class='ocrx_word' id='word_1_40' title='bbox 295 883 387 966; x_wconf 87' lang='lat' dir='ltr'>fides,</span> <span class='ocrx_word' id='word_1_41' title='bbox 405 883 555 946; x_wconf 89' lang='lat' dir='ltr'>animum</span> <span class='ocrx_word' id='word_1_42' title='bbox 570 882 598 947; x_wconf 89' lang='lat' dir='ltr'>si</span> <span class='ocrx_word' id='word_1_43' title='bbox 613 868 697 948; x_wconf 88' lang='lat' dir='ltr'>veris</span> <span class='ocrx_word' id='word_1_44' title='bbox 712 883 829 968; x_wconf 81' lang='lat' dir='ltr'>implet</span> <span class='ocrx_word' id='word_1_45' title='bbox 845 883 976 969; x_wconf 82' lang='lat' dir='ltr'>Apollo,</span> 
     </span>
    </p>

    <p class='ocr_par' dir='ltr' id='par_1_6' title="bbox 124 987 1189 1178">
     <span class='ocr_line' id='line_1_7' title="bbox 124 987 1189 1072; baseline 0.005 -20"><span class='ocrx_word' id='word_1_46' title='bbox 124 987 278 1052; x_wconf 88' lang='lat' dir='ltr'>“Unum</span> <span class='ocrx_word' id='word_1_47' title='bbox 292 987 374 1052; x_wconf 90' lang='lat' dir='ltr'>illud</span> <span class='ocrx_word' id='word_1_48' title='bbox 390 987 462 1070; x_wconf 87' lang='lat' dir='ltr'>tibi,</span> <span class='ocrx_word' id='word_1_49' title='bbox 480 995 557 1051; x_wconf 88' lang='lat' dir='ltr'>nate</span> <span class='ocrx_word' id='word_1_50' title='bbox 573 988 644 1070; x_wconf 89' lang='lat' dir='ltr'>dea,</span> <span class='ocrx_word' id='word_1_51' title='bbox 662 1008 783 1072; x_wconf 85' lang='lat' dir='ltr'>proque</span> <span class='ocrx_word' id='word_1_52' title='bbox 799 989 950 1054; x_wconf 88' lang='lat' dir='ltr'>omnibus</span> <span class='ocrx_word' id='word_1_53' title='bbox 964 1009 1069 1054; x_wconf 90' lang='lat' dir='ltr'>unum</span> <span class='ocrx_word' id='word_1_54' title='bbox 1123 987 1189 1058; x_wconf 88' lang='lat'>435</span> 
     </span>
     <span class='ocr_line' id='line_1_8' title="bbox 124 1091 1142 1178; baseline 0.003 -23"><span class='ocrx_word' id='word_1_55' title='bbox 124 1091 144 1124; x_wconf 90' lang='lat'><strong><em>“</em></strong></span> <span class='ocrx_word' id='word_1_56' title='bbox 161 1091 356 1156; x_wconf 89' lang='lat' dir='ltr'>Praedicam</span> <span class='ocrx_word' id='word_1_57' title='bbox 371 1098 405 1156; x_wconf 91' lang='lat' dir='ltr'>et</span> <span class='ocrx_word' id='word_1_58' title='bbox 422 1100 571 1178; x_wconf 87' lang='lat' dir='ltr'>repetens</span> <span class='ocrx_word' id='word_1_59' title='bbox 586 1091 769 1176; x_wconf 81' lang='lat' dir='ltr'>iterumque</span> <span class='ocrx_word' id='word_1_60' title='bbox 785 1091 969 1176; x_wconf 86' lang='lat' dir='ltr'>iterumque</span> <span class='ocrx_word' id='word_1_61' title='bbox 986 1091 1142 1160; x_wconf 91' lang='lat' dir='ltr'>monebo:</span> 
     </span>
    </p>

    <p class='ocr_par' dir='ltr' id='par_1_7' title="bbox 124 1194 998 1282">
     <span class='ocr_line' id='line_1_9' title="bbox 124 1194 998 1282; baseline 0.001 -21"><span class='ocrx_word' id='word_1_62' title='bbox 124 1194 145 1228; x_wconf 74' lang='lat'>‘³</span> <span class='ocrx_word' id='word_1_63' title='bbox 158 1196 184 1261; x_wconf 83' lang='lat' dir='ltr'><strong>J</strong></span> <span class='ocrx_word' id='word_1_64' title='bbox 185 1195 308 1261; x_wconf 68' lang='lat' dir='ltr'>unonis&#39;</span> <span class='ocrx_word' id='word_1_65' title='bbox 318 1218 457 1282; x_wconf 83' lang='lat' dir='ltr'>magnae</span> <span class='ocrx_word' id='word_1_66' title='bbox 473 1196 615 1282; x_wconf 88' lang='lat' dir='ltr'>primum</span> <span class='ocrx_word' id='word_1_67' title='bbox 631 1217 725 1282; x_wconf 85' lang='lat' dir='ltr'>prece</span> <span class='ocrx_word' id='word_1_68' title='bbox 741 1217 864 1260; x_wconf 92' lang='lat' dir='ltr'>numen</span> <span class='ocrx_word' id='word_1_69' title='bbox 880 1197 998 1281; x_wconf 84' lang='lat' dir='ltr'>adore;</span> 
     </span>
    </p>

    <p class='ocr_par' dir='ltr' id='par_1_8' title="bbox 125 1301 1039 1386">
     <span class='ocr_line' id='line_1_10' title="bbox 125 1301 1039 1386; baseline 0.001 -21"><span class='ocrx_word' id='word_1_70' title='bbox 125 1301 145 1333; x_wconf 87' lang='lat'><strong><em>“</em></strong></span> <span class='ocrx_word' id='word_1_71' title='bbox 158 1301 289 1366; x_wconf 81' lang='lat' dir='ltr'>Junoni</span> <span class='ocrx_word' id='word_1_72' title='bbox 304 1322 382 1366; x_wconf 84' lang='lat' dir='ltr'>cane</span> <span class='ocrx_word' id='word_1_73' title='bbox 398 1309 476 1366; x_wconf 87' lang='lat' dir='ltr'>vota</span> <span class='ocrx_word' id='word_1_74' title='bbox 491 1301 606 1386; x_wconf 89' lang='lat' dir='ltr'>libens,</span> <span class='ocrx_word' id='word_1_75' title='bbox 625 1302 855 1386; x_wconf 89' lang='lat' dir='ltr'>dominamque</span> <span class='ocrx_word' id='word_1_76' title='bbox 872 1310 1039 1386; x_wconf 87' lang='lat' dir='ltr'>potentem</span> 
     </span>
    </p>

    <p class='ocr_par' dir='ltr' id='par_1_9' title="bbox 124 1406 1043 1492">
     <span class='ocr_line' id='line_1_11' title="bbox 124 1406 1043 1492; baseline -0.002 -18"><span class='ocrx_word' id='word_1_77' title='bbox 124 1407 145 1439; x_wconf 89' lang='lat'><strong>“</strong></span> <span class='ocrx_word' id='word_1_78' title='bbox 158 1407 369 1492; x_wconf 79' lang='lat' dir='ltr'>Supplieibus</span> <span class='ocrx_word' id='word_1_79' title='bbox 385 1428 501 1492; x_wconf 88' lang='lat' dir='ltr'>supera</span> <span class='ocrx_word' id='word_1_80' title='bbox 516 1407 630 1474; x_wconf 91' lang='lat' dir='ltr'>donis:</span> <span class='ocrx_word' id='word_1_81' title='bbox 656 1407 701 1472; x_wconf 91' lang='lat' dir='ltr'>sic</span> <span class='ocrx_word' id='word_1_82' title='bbox 716 1406 855 1491; x_wconf 89' lang='lat' dir='ltr'>denique</span> <span class='ocrx_word' id='word_1_83' title='bbox 871 1406 976 1472; x_wconf 89' lang='lat' dir='ltr'>victor</span> <span class='ocrx_word' id='word_1_84' title='bbox 1036 1431 1043 1454; x_wconf 70' lang='lat'><em>0</em></span> 
     </span>
    </p>

    <p class='ocr_par' dir='ltr' id='par_1_10' title="bbox 125 1509 1189 1697">
     <span class='ocr_line' id='line_1_12' title="bbox 125 1509 1189 1596; baseline 0.001 -20"><span class='ocrx_word' id='word_1_85' title='bbox 125 1511 146 1545; x_wconf 88' lang='lat'><strong><em>“</em></strong></span> <span class='ocrx_word' id='word_1_86' title='bbox 161 1513 330 1596; x_wconf 76' lang='lat' dir='ltr'>Trinacria</span> <span class='ocrx_word' id='word_1_87' title='bbox 345 1513 427 1577; x_wconf 88' lang='lat' dir='ltr'>fines</span> <span class='ocrx_word' id='word_1_88' title='bbox 443 1513 546 1577; x_wconf 89' lang='lat' dir='ltr'>Italos</span> <span class='ocrx_word' id='word_1_89' title='bbox 561 1513 693 1576; x_wconf 88' lang='lat' dir='ltr'>mittere</span> <span class='ocrx_word' id='word_1_90' title='bbox 709 1513 831 1579; x_wconf 89' lang='lat' dir='ltr'>relicta.</span> <span class='ocrx_word' id='word_1_91' title='bbox 1123 1509 1189 1576; x_wconf 87' lang='lat'>440</span> 
     </span>
     <span class='ocr_line' id='line_1_13' title="bbox 125 1615 966 1697; baseline 0.002 -17"><span class='ocrx_word' id='word_1_92' title='bbox 125 1615 147 1650; x_wconf 89' lang='lat'><strong><em>“</em></strong></span> <span class='ocrx_word' id='word_1_93' title='bbox 162 1617 239 1681; x_wconf 91' lang='lat' dir='ltr'>Huc</span> <span class='ocrx_word' id='word_1_94' title='bbox 254 1617 312 1682; x_wconf 89' lang='lat' dir='ltr'>ubi</span> <span class='ocrx_word' id='word_1_95' title='bbox 327 1618 456 1682; x_wconf 91' lang='lat' dir='ltr'>delatus</span> <span class='ocrx_word' id='word_1_96' title='bbox 474 1617 651 1683; x_wconf 78' lang='lat' dir='ltr'>Cumaeam</span> <span class='ocrx_word' id='word_1_97' title='bbox 668 1617 836 1683; x_wconf 80' lang='lat' dir='ltr'>accesseris</span> <span class='ocrx_word' id='word_1_98' title='bbox 852 1618 966 1697; x_wconf 89' lang='lat' dir='ltr'>urbem</span> 
     </span>
    </p>

    <p class='ocr_par' dir='ltr' id='par_1_11' title="bbox 124 1721 953 1807">
     <span class='ocr_line' id='line_1_14' title="bbox 124 1721 953 1807; baseline 0.002 -23"><span class='ocrx_word' id='word_1_99' title='bbox 124 1721 146 1753; x_wconf 88' lang='lat'><strong><em>“</em></strong></span> <span class='ocrx_word' id='word_1_100' title='bbox 161 1721 363 1807; x_wconf 83' lang='lat' dir='ltr'>Divinosque</span> <span class='ocrx_word' id='word_1_101' title='bbox 375 1723 466 1786; x_wconf 91' lang='lat' dir='ltr'>lacus</span> <span class='ocrx_word' id='word_1_102' title='bbox 482 1729 515 1785; x_wconf 89' lang='lat' dir='ltr'>et</span> <span class='ocrx_word' id='word_1_103' title='bbox 531 1721 662 1786; x_wconf 86' lang='lat' dir='ltr'>Averna</span> <span class='ocrx_word' id='word_1_104' title='bbox 679 1722 827 1786; x_wconf 89' lang='lat' dir='ltr'>sonantia</span> <span class='ocrx_word' id='word_1_105' title='bbox 843 1721 931 1787; x_wconf 85' lang='lat' dir='ltr'>silvis</span> <span class='ocrx_word' id='word_1_106' title='bbox 944 1742 953 1804; x_wconf 91' lang='lat'>;</span> 
     </span>
    </p>

    <p class='ocr_par' dir='ltr' id='par_1_12' title="bbox 124 1825 987 1911">
     <span class='ocr_line' id='line_1_15' title="bbox 124 1825 987 1911; baseline 0 -21"><span class='ocrx_word' id='word_1_107' title='bbox 124 1826 146 1859; x_wconf 89' lang='lat'><strong>“</strong></span> <span class='ocrx_word' id='word_1_108' title='bbox 159 1827 318 1892; x_wconf 87' lang='lat' dir='ltr'>Insanam</span> <span class='ocrx_word' id='word_1_109' title='bbox 334 1834 446 1890; x_wconf 89' lang='lat' dir='ltr'>vatem</span> <span class='ocrx_word' id='word_1_110' title='bbox 462 1825 631 1910; x_wconf 88' lang='lat' dir='ltr'>adspicies,</span> <span class='ocrx_word' id='word_1_111' title='bbox 650 1847 732 1910; x_wconf 90' lang='lat' dir='ltr'>quae</span> <span class='ocrx_word' id='word_1_112' title='bbox 749 1848 827 1911; x_wconf 84' lang='lat' dir='ltr'>rupe</span> <span class='ocrx_word' id='word_1_113' title='bbox 844 1827 904 1891; x_wconf 89' lang='lat' dir='ltr'>sub</span> <span class='ocrx_word' id='word_1_114' title='bbox 919 1826 987 1890; x_wconf 90' lang='lat' dir='ltr'>ima</span> 
     </span>
    </p>

    <p class='ocr_par' dir='ltr' id='par_1_13' title="bbox 124 1929 1007 2014">
     <span class='ocr_line' id='line_1_16' title="bbox 124 1929 1007 2014; baseline 0.001 -20"><span class='ocrx_word' id='word_1_115' title='bbox 124 1930 150 1966; x_wconf 85' lang='lat'><strong>“</strong></span> <span class='ocrx_word' id='word_1_116' title='bbox 164 1931 254 1994; x_wconf 88' lang='lat' dir='ltr'>Fata</span> <span class='ocrx_word' id='word_1_117' title='bbox 271 1930 369 2013; x_wconf 83' lang='lat' dir='ltr'>canit,</span> <span class='ocrx_word' id='word_1_118' title='bbox 386 1929 535 2014; x_wconf 82' lang='lat' dir='ltr'>foliisque</span> <span class='ocrx_word' id='word_1_119' title='bbox 551 1937 646 1994; x_wconf 88' lang='lat' dir='ltr'>notas</span> <span class='ocrx_word' id='word_1_120' title='bbox 663 1937 697 1994; x_wconf 90' lang='lat' dir='ltr'>et</span> <span class='ocrx_word' id='word_1_121' title='bbox 713 1930 846 1994; x_wconf 91' lang='lat' dir='ltr'>nomina</span> <span class='ocrx_word' id='word_1_122' title='bbox 861 1931 1007 1996; x_wconf 89' lang='lat' dir='ltr'>mandat.</span> 
     </span>
    </p>

    <p class='ocr_par' dir='ltr' id='par_1_14' title="bbox 123 2033 1188 2541">
     <span class='ocr_line' id='line_1_17' title="bbox 123 2033 1188 2120; baseline 0.003 -22"><span class='ocrx_word' id='word_1_123' title='bbox 123 2033 147 2070; x_wconf 86' lang='lat'><strong><em>“</em></strong></span> <span class='ocrx_word' id='word_1_124' title='bbox 159 2036 392 2119; x_wconf 86' lang='lat' dir='ltr'>Quaecumque</span> <span class='ocrx_word' id='word_1_125' title='bbox 407 2035 443 2098; x_wconf 94' lang='lat' dir='ltr'>in</span> <span class='ocrx_word' id='word_1_126' title='bbox 457 2035 540 2099; x_wconf 86' lang='lat' dir='ltr'>foliis</span> <span class='ocrx_word' id='word_1_127' title='bbox 556 2035 725 2120; x_wconf 87' lang='lat' dir='ltr'>descripsit</span> <span class='ocrx_word' id='word_1_128' title='bbox 741 2037 886 2100; x_wconf 89' lang='lat' dir='ltr'>carmina</span> <span class='ocrx_word' id='word_1_129' title='bbox 900 2035 1000 2120; x_wconf 88' lang='lat' dir='ltr'>virgo,</span> <span class='ocrx_word' id='word_1_130' title='bbox 1121 2033 1188 2102; x_wconf 87' lang='grc'>445</span> 
     </span>
     <span class='ocr_line' id='line_1_18' title="bbox 124 2139 1098 2226; baseline 0 -22"><span class='ocrx_word' id='word_1_131' title='bbox 124 2141 145 2172; x_wconf 84' lang='grc'><strong>“</strong></span> <span class='ocrx_word' id='word_1_132' title='bbox 158 2140 289 2226; x_wconf 88' lang='lat' dir='ltr'>Digerit</span> <span class='ocrx_word' id='word_1_133' title='bbox 305 2139 339 2204; x_wconf 93' lang='lat' dir='ltr'>in</span> <span class='ocrx_word' id='word_1_134' title='bbox 355 2161 537 2224; x_wconf 86' lang='lat' dir='ltr'>numerum,</span> <span class='ocrx_word' id='word_1_135' title='bbox 554 2147 656 2225; x_wconf 88' lang='lat' dir='ltr'>atque</span> <span class='ocrx_word' id='word_1_136' title='bbox 672 2147 765 2204; x_wconf 89' lang='lat' dir='ltr'>antro</span> <span class='ocrx_word' id='word_1_137' title='bbox 782 2140 907 2204; x_wconf 88' lang='lat' dir='ltr'>seclusa</span> <span class='ocrx_word' id='word_1_138' title='bbox 922 2139 1075 2224; x_wconf 86' lang='lat' dir='ltr'>relinquit</span> <span class='ocrx_word' id='word_1_139' title='bbox 1089 2160 1098 2221; x_wconf 90' lang='lat'>;</span> 
     </span>
     <span class='ocr_line' id='line_1_19' title="bbox 126 2244 1084 2330; baseline 0.001 -21"><span class='ocrx_word' id='word_1_140' title='bbox 126 2244 224 2309; x_wconf 89' lang='lat' dir='ltr'>“Illa</span> <span class='ocrx_word' id='word_1_141' title='bbox 240 2252 376 2310; x_wconf 89' lang='lat' dir='ltr'>manent</span> <span class='ocrx_word' id='word_1_142' title='bbox 392 2245 528 2310; x_wconf 88' lang='lat' dir='ltr'>immota</span> <span class='ocrx_word' id='word_1_143' title='bbox 543 2245 631 2329; x_wconf 84' lang='lat' dir='ltr'>locis,</span> <span class='ocrx_word' id='word_1_144' title='bbox 648 2265 754 2330; x_wconf 90' lang='lat' dir='ltr'>neque</span> <span class='ocrx_word' id='word_1_145' title='bbox 770 2244 812 2308; x_wconf 91' lang='lat' dir='ltr'>ab</span> <span class='ocrx_word' id='word_1_146' title='bbox 828 2244 938 2309; x_wconf 92' lang='lat' dir='ltr'>ordine</span> <span class='ocrx_word' id='word_1_147' title='bbox 955 2245 1084 2310; x_wconf 89' lang='lat' dir='ltr'>cedunt.</span> 
     </span>
     <span class='ocr_line' id='line_1_20' title="bbox 123 2348 1056 2435; baseline 0.004 -23"><span class='ocrx_word' id='word_1_148' title='bbox 123 2348 285 2413; x_wconf 89' lang='lat' dir='ltr'>“Verum</span> <span class='ocrx_word' id='word_1_149' title='bbox 301 2351 428 2433; x_wconf 87' lang='lat' dir='ltr'>eadem,</span> <span class='ocrx_word' id='word_1_150' title='bbox 445 2372 534 2416; x_wconf 89' lang='lat' dir='ltr'>verso</span> <span class='ocrx_word' id='word_1_151' title='bbox 550 2351 662 2416; x_wconf 89' lang='lat' dir='ltr'>tenuis·</span> <span class='ocrx_word' id='word_1_152' title='bbox 675 2371 777 2435; x_wconf 89' lang='lat' dir='ltr'>quum</span> <span class='ocrx_word' id='word_1_153' title='bbox 794 2349 923 2414; x_wconf 88' lang='lat' dir='ltr'>cardine</span> <span class='ocrx_word' id='word_1_154' title='bbox 939 2357 1056 2416; x_wconf 89' lang='lat' dir='ltr'>ventus</span> 
     </span>
     <span class='ocr_line' id='line_1_21' title="bbox 124 2455 928 2541; baseline 0.001 -21"><span class='ocrx_word' id='word_1_155' title='bbox 124 2455 302 2541; x_wconf 87' lang='lat' dir='ltr'>“Impulit</span> <span class='ocrx_word' id='word_1_156' title='bbox 318 2463 352 2520; x_wconf 92' lang='lat' dir='ltr'>et</span> <span class='ocrx_word' id='word_1_157' title='bbox 367 2464 497 2521; x_wconf 91' lang='lat' dir='ltr'>teneras</span> <span class='ocrx_word' id='word_1_158' title='bbox 513 2457 659 2521; x_wconf 88' lang='lat' dir='ltr'>turbavit</span> <span class='ocrx_word' id='word_1_159' title='bbox 670 2456 774 2540; x_wconf 87' lang='lat' dir='ltr'>janua</span> <span class='ocrx_word' id='word_1_160' title='bbox 789 2456 928 2540; x_wconf 86' lang='lat' dir='ltr'>frondes,</span> 
     </span>
    </p>

    <p class='ocr_par' dir='ltr' id='par_1_15' title="bbox 125 2560 1189 2752">
     <span class='ocr_line' id='line_1_22' title="bbox 125 2560 1189 2646; baseline 0.002 -22"><span class='ocrx_word' id='word_1_161' title='bbox 125 2560 353 2646; x_wconf 86' lang='lat' dir='ltr'>“Numquam</span> <span class='ocrx_word' id='word_1_162' title='bbox 368 2561 484 2626; x_wconf 90' lang='lat' dir='ltr'>deinde</span> <span class='ocrx_word' id='word_1_163' title='bbox 500 2583 579 2626; x_wconf 84' lang='lat' dir='ltr'>cavo</span> <span class='ocrx_word' id='word_1_164' title='bbox 594 2561 767 2626; x_wconf 89' lang='lat' dir='ltr'>volitantia</span> <span class='ocrx_word' id='word_1_165' title='bbox 782 2563 937 2646; x_wconf 89' lang='lat' dir='ltr'>prendere</span> <span class='ocrx_word' id='word_1_166' title='bbox 953 2583 1041 2646; x_wconf 85' lang='lat' dir='ltr'>saxo,</span> <span class='ocrx_word' id='word_1_167' title='bbox 1122 2560 1189 2628; x_wconf 85' lang='lat'>450</span> 
     </span>
     <span class='ocr_line' id='line_1_23' title="bbox 125 2665 1051 2752; baseline 0.006 -22"><span class='ocrx_word' id='word_1_168' title='bbox 125 2666 148 2700; x_wconf 86' lang='lat'><strong><em>“</em></strong></span> <span class='ocrx_word' id='word_1_169' title='bbox 164 2666 198 2730; x_wconf 90' lang='lat' dir='ltr'>N</span> <span class='ocrx_word' id='word_1_170' title='bbox 200 2688 236 2731; x_wconf 91' lang='lat' dir='ltr'>ec</span> <span class='ocrx_word' id='word_1_171' title='bbox 252 2687 396 2731; x_wconf 87' lang='lat' dir='ltr'>revocare</span> <span class='ocrx_word' id='word_1_172' title='bbox 413 2667 496 2732; x_wconf 88' lang='lat' dir='ltr'>situs</span> <span class='ocrx_word' id='word_1_173' title='bbox 512 2675 572 2730; x_wconf 90' lang='lat' dir='ltr'>aut</span> <span class='ocrx_word' id='word_1_174' title='bbox 584 2665 721 2752; x_wconf 84' lang='lat' dir='ltr'>jungere</span> <span class='ocrx_word' id='word_1_175' title='bbox 737 2666 880 2731; x_wconf 88' lang='lat' dir='ltr'>carmina</span> <span class='ocrx_word' id='word_1_176' title='bbox 895 2673 1009 2749; x_wconf 87' lang='lat' dir='ltr'>curat;</span> <span class='ocrx_word' id='word_1_177' title='bbox 1047 2727 1051 2736; x_wconf 93' lang='lat'><em>.</em></span> 
     </span>
    </p>

    <p class='ocr_par' dir='ltr' id='par_1_16' title="bbox 126 2769 1047 2856">
     <span class='ocr_line' id='line_1_24' title="bbox 126 2769 1047 2856; baseline 0 -20"><span class='ocrx_word' id='word_1_178' title='bbox 126 2769 149 2804; x_wconf 92' lang='lat'><strong>“</strong></span> <span class='ocrx_word' id='word_1_179' title='bbox 161 2771 345 2836; x_wconf 89' lang='lat' dir='ltr'>Inconsulti</span> <span class='ocrx_word' id='word_1_180' title='bbox 361 2772 495 2856; x_wconf 83' lang='lat' dir='ltr'>abeunt,</span> <span class='ocrx_word' id='word_1_181' title='bbox 513 2773 687 2856; x_wconf 88' lang='lat' dir='ltr'>sedemque</span> <span class='ocrx_word' id='word_1_182' title='bbox 703 2772 795 2836; x_wconf 89' lang='lat' dir='ltr'>odere</span> <span class='ocrx_word' id='word_1_183' title='bbox 814 2771 964 2856; x_wconf 82' lang='lat' dir='ltr'>Sibyllae.</span> <span class='ocrx_word' id='word_1_184' title='bbox 1038 2839 1047 2851; x_wconf 65' lang='lat'>‚</span> 
     </span>
    </p>

    <p class='ocr_par' dir='ltr' id='par_1_17' title="bbox 125 2876 1040 3068">
     <span class='ocr_line' id='line_1_25' title="bbox 126 2876 1010 2962; baseline 0.003 -22"><span class='ocrx_word' id='word_1_185' title='bbox 126 2876 227 2941; x_wconf 88' lang='lat' dir='ltr'>“Hic</span> <span class='ocrx_word' id='word_1_186' title='bbox 245 2877 361 2941; x_wconf 92' lang='lat' dir='ltr'>tibine</span> <span class='ocrx_word' id='word_1_187' title='bbox 377 2897 444 2962; x_wconf 90' lang='lat' dir='ltr'>qua</span> <span class='ocrx_word' id='word_1_188' title='bbox 459 2898 567 2941; x_wconf 89' lang='lat' dir='ltr'>morae</span> <span class='ocrx_word' id='word_1_189' title='bbox 582 2877 705 2941; x_wconf 87' lang='lat' dir='ltr'>fuerint</span> <span class='ocrx_word' id='word_1_190' title='bbox 721 2877 890 2962; x_wconf 79' lang='lat' dir='ltr'>dispendia</span> <span class='ocrx_word' id='word_1_191' title='bbox 906 2879 1010 2943; x_wconf 88' lang='lat' dir='ltr'>tanti-</span> 
     </span>
     <span class='ocr_line' id='line_1_26' title="bbox 125 2981 1040 3068; baseline 0.001 -22"><span class='ocrx_word' id='word_1_192' title='bbox 125 2981 320 3062; x_wconf 84' lang='lat' dir='ltr'>“Quamvis</span> <span class='ocrx_word' id='word_1_193' title='bbox 335 2981 534 3068; x_wconf 85' lang='lat' dir='ltr'>increpitent</span> <span class='ocrx_word' id='word_1_194' title='bbox 551 2981 638 3066; x_wconf 84' lang='lat' dir='ltr'>socii,</span> <span class='ocrx_word' id='word_1_195' title='bbox 657 2990 689 3046; x_wconf 91' lang='lat' dir='ltr'>et</span> <span class='ocrx_word' id='word_1_196' title='bbox 705 2983 738 3047; x_wconf 89' lang='lat' dir='ltr'>vi</span> <span class='ocrx_word' id='word_1_197' title='bbox 754 3004 866 3048; x_wconf 89' lang='lat' dir='ltr'>cursus</span> <span class='ocrx_word' id='word_1_198' title='bbox 882 2983 917 3047; x_wconf 91' lang='lat' dir='ltr'>in</span> <span class='ocrx_word' id='word_1_199' title='bbox 932 2985 1040 3048; x_wconf 89' lang='lat' dir='ltr'>altum</span> 
     </span>
    </p>

    <p class='ocr_par' dir='ltr' id='par_1_18' title="bbox 125 3087 1188 3278">
     <span class='ocr_line' id='line_1_27' title="bbox 125 3087 1188 3173; baseline 0.003 -21"><span class='ocrx_word' id='word_1_200' title='bbox 125 3087 252 3152; x_wconf 84' lang='lat' dir='ltr'>“Vela</span> <span class='ocrx_word' id='word_1_201' title='bbox 267 3096 360 3153; x_wconf 88' lang='lat' dir='ltr'>vocet</span> <span class='ocrx_word' id='word_1_202' title='bbox 376 3087 542 3173; x_wconf 88' lang='lat' dir='ltr'>possisque</span> <span class='ocrx_word' id='word_1_203' title='bbox 559 3087 648 3153; x_wconf 90' lang='lat' dir='ltr'>sinus</span> <span class='ocrx_word' id='word_1_204' title='bbox 663 3087 798 3173; x_wconf 91' lang='lat' dir='ltr'>implere</span> <span class='ocrx_word' id='word_1_205' title='bbox 814 3089 998 3172; x_wconf 74' lang='lat' dir='ltr'>secundos,</span> <span class='ocrx_word' id='word_1_206' title='bbox 1122 3087 1188 3155; x_wconf 90' lang='grc'>455</span> 
     </span>
     <span class='ocr_line' id='line_1_28' title="bbox 126 3192 1008 3278; baseline 0 -22"><span class='ocrx_word' id='word_1_207' title='bbox 126 3193 146 3225; x_wconf 84' lang='grc'><strong>“</strong></span> <span class='ocrx_word' id='word_1_208' title='bbox 162 3192 252 3273; x_wconf 82' lang='lat' dir='ltr'>Quin</span> <span class='ocrx_word' id='word_1_209' title='bbox 267 3193 365 3256; x_wconf 89' lang='lat' dir='ltr'>adeas</span> <span class='ocrx_word' id='word_1_210' title='bbox 381 3201 502 3274; x_wconf 89' lang='lat' dir='ltr'>vatem,</span> <span class='ocrx_word' id='word_1_211' title='bbox 520 3193 733 3278; x_wconf 90' lang='lat' dir='ltr'>precibusque</span> <span class='ocrx_word' id='word_1_212' title='bbox 749 3193 879 3258; x_wconf 88' lang='lat' dir='ltr'>oracula</span> <span class='ocrx_word' id='word_1_213' title='bbox 895 3213 1008 3278; x_wconf 81' lang='lat' dir='ltr'>poscas</span> 
     </span>
    </p>

    <p class='ocr_par' dir='ltr' id='par_1_19' title="bbox 126 3297 1032 3384">
     <span class='ocr_line' id='line_1_29' title="bbox 126 3297 1032 3384; baseline 0 -21"><span class='ocrx_word' id='word_1_214' title='bbox 126 3299 241 3384; x_wconf 87' lang='lat' dir='ltr'>“Ipsa</span> <span class='ocrx_word' id='word_1_215' title='bbox 256 3306 365 3383; x_wconf 85' lang='lat' dir='ltr'>canat,</span> <span class='ocrx_word' id='word_1_216' title='bbox 382 3311 558 3383; x_wconf 90' lang='lat' dir='ltr'>vocemque</span> <span class='ocrx_word' id='word_1_217' title='bbox 574 3299 685 3362; x_wconf 81' lang='lat' dir='ltr'>volens</span> <span class='ocrx_word' id='word_1_218' title='bbox 701 3307 802 3382; x_wconf 91' lang='lat' dir='ltr'>atque</span> <span class='ocrx_word' id='word_1_219' title='bbox 813 3319 867 3361; x_wconf 91' lang='lat' dir='ltr'>ora</span> <span class='ocrx_word' id='word_1_220' title='bbox 884 3297 1032 3363; x_wconf 87' lang='lat' dir='ltr'>resolvat.</span> 
     </span>
    </p>

    <p class='ocr_par' dir='ltr' id='par_1_20' title="bbox 125 3401 921 3487">
     <span class='ocr_line' id='line_1_30' title="bbox 125 3401 921 3487; baseline -0.001 -21"><span class='ocrx_word' id='word_1_221' title='bbox 125 3403 148 3438; x_wconf 91' lang='lat'><strong>“</strong></span> <span class='ocrx_word' id='word_1_222' title='bbox 159 3404 226 3467; x_wconf 86' lang='lat' dir='ltr'>llla</span> <span class='ocrx_word' id='word_1_223' title='bbox 242 3402 304 3467; x_wconf 93' lang='lat' dir='ltr'>tibi</span> <span class='ocrx_word' id='word_1_224' title='bbox 319 3402 439 3467; x_wconf 88' lang='lat' dir='ltr'>Italiae</span> <span class='ocrx_word' id='word_1_225' title='bbox 454 3404 591 3487; x_wconf 92' lang='lat' dir='ltr'>populos</span> <span class='ocrx_word' id='word_1_226' title='bbox 608 3412 809 3487; x_wconf 87' lang='lat' dir='ltr'>venturaque</span> <span class='ocrx_word' id='word_1_227' title='bbox 825 3401 921 3486; x_wconf 87' lang='lat' dir='ltr'>bella,</span> 
     </span>
    </p>

    <p class='ocr_par' dir='ltr' id='par_1_21' title="bbox 126 3505 1105 3592">
     <span class='ocr_line' id='line_1_31' title="bbox 126 3505 1105 3592; baseline -0.002 -20"><span class='ocrx_word' id='word_1_228' title='bbox 126 3508 148 3540; x_wconf 90' lang='lat'><strong>“</strong></span> <span class='ocrx_word' id='word_1_229' title='bbox 163 3508 212 3572; x_wconf 81' lang='lat' dir='ltr'>Et</span> <span class='ocrx_word' id='word_1_230' title='bbox 229 3529 293 3591; x_wconf 93' lang='lat' dir='ltr'>quo</span> <span class='ocrx_word' id='word_1_231' title='bbox 310 3527 472 3592; x_wconf 89' lang='lat' dir='ltr'>quemque</span> <span class='ocrx_word' id='word_1_232' title='bbox 487 3508 584 3572; x_wconf 93' lang='lat' dir='ltr'>modo</span> <span class='ocrx_word' id='word_1_233' title='bbox 598 3506 771 3592; x_wconf 82' lang='lat' dir='ltr'>fugiasque</span> <span class='ocrx_word' id='word_1_234' title='bbox 786 3507 932 3590; x_wconf 86' lang='lat' dir='ltr'>ferasque</span> <span class='ocrx_word' id='word_1_235' title='bbox 949 3505 1105 3592; x_wconf 84' lang='lat' dir='ltr'>laborem,</span> 
     </span>
    </p>

    <p class='ocr_par' dir='ltr' id='par_1_22' title="bbox 125 3611 1189 3801">
     <span class='ocr_line' id='line_1_32' title="bbox 126 3611 1189 3697; baseline 0.001 -21"><span class='ocrx_word' id='word_1_236' title='bbox 126 3613 147 3644; x_wconf 90' lang='lat'><strong>“</strong></span> <span class='ocrx_word' id='word_1_237' title='bbox 161 3611 342 3697; x_wconf 86' lang='lat' dir='ltr'>Expediet,</span> <span class='ocrx_word' id='word_1_238' title='bbox 360 3633 537 3696; x_wconf 90' lang='lat' dir='ltr'>cursusque</span> <span class='ocrx_word' id='word_1_239' title='bbox 553 3612 646 3677; x_wconf 89' lang='lat' dir='ltr'>dabit</span> <span class='ocrx_word' id='word_1_240' title='bbox 661 3620 816 3676; x_wconf 86' lang='lat' dir='ltr'>venerata</span> <span class='ocrx_word' id='word_1_241' title='bbox 832 3613 996 3678; x_wconf 90' lang='lat' dir='ltr'>secundos.</span> <span class='ocrx_word' id='word_1_242' title='bbox 1122 3612 1189 3679; x_wconf 89' lang='lat'>460</span> 
     </span>
     <span class='ocr_line' id='line_1_33' title="bbox 125 3716 987 3801; baseline 0 -19"><span class='ocrx_word' id='word_1_243' title='bbox 125 3716 148 3754; x_wconf 88' lang='lat'>“</span> <span class='ocrx_word' id='word_1_244' title='bbox 160 3718 251 3782; x_wconf 88' lang='lat' dir='ltr'>Haeo</span> <span class='ocrx_word' id='word_1_245' title='bbox 270 3723 358 3800; x_wconf 89' lang='lat' dir='ltr'>sunt,</span> <span class='ocrx_word' id='word_1_246' title='bbox 376 3738 460 3801; x_wconf 89' lang='lat' dir='ltr'>quae</span> <span class='ocrx_word' id='word_1_247' title='bbox 476 3724 587 3782; x_wconf 85' lang='lat' dir='ltr'>nostra</span> <span class='ocrx_word' id='word_1_248' title='bbox 601 3717 699 3781; x_wconf 88' lang='lat' dir='ltr'>liceat</span> <span class='ocrx_word' id='word_1_249' title='bbox 715 3725 749 3782; x_wconf 91' lang='lat' dir='ltr'>te</span> <span class='ocrx_word' id='word_1_250' title='bbox 764 3738 841 3782; x_wconf 88' lang='lat' dir='ltr'>voce</span> <span class='ocrx_word' id='word_1_251' title='bbox 859 3717 987 3782; x_wconf 89' lang='lat' dir='ltr'>moneri.</span> 
     </span>
    </p>

    <p class='ocr_par' dir='ltr' id='par_1_23' title="bbox 127 3820 1133 4030">
     <span class='ocr_line' id='line_1_34' title="bbox 128 3820 1133 3908; baseline -0.004 -19"><span class='ocrx_word' id='word_1_252' title='bbox 128 3823 255 3888; x_wconf 89' lang='lat' dir='ltr'>“Vade</span> <span class='ocrx_word' id='word_1_253' title='bbox 272 3843 342 3908; x_wconf 82' lang='lat' dir='ltr'>age,</span> <span class='ocrx_word' id='word_1_254' title='bbox 360 3829 393 3886; x_wconf 89' lang='lat' dir='ltr'>et</span> <span class='ocrx_word' id='word_1_255' title='bbox 409 3821 577 3907; x_wconf 84' lang='lat' dir='ltr'>ingentem</span> <span class='ocrx_word' id='word_1_256' title='bbox 587 3822 683 3888; x_wconf 84' lang='lat' dir='ltr'>factis</span> <span class='ocrx_word' id='word_1_257' title='bbox 698 3823 746 3888; x_wconf 82' lang='lat' dir='ltr'>fer</span> <span class='ocrx_word' id='word_1_258' title='bbox 760 3823 803 3887; x_wconf 88' lang='lat' dir='ltr'>ad</span> <span class='ocrx_word' id='word_1_259' title='bbox 819 3823 950 3888; x_wconf 89' lang='lat' dir='ltr'>aethera</span> <span class='ocrx_word' id='word_1_260' title='bbox 968 3820 1133 3906; x_wconf 84' lang='lat' dir='ltr'>Trojam.”</span> 
     </span>
     <span class='ocr_line' id='line_1_35' title="bbox 127 3926 1102 4030; baseline -0.003 -36"><span class='ocrx_word' id='word_1_261' title='bbox 127 3931 217 4012; x_wconf 84' lang='lat' dir='ltr'>Quae</span> <span class='ocrx_word' id='word_1_262' title='bbox 234 3935 413 4014; x_wconf 86' lang='lat' dir='ltr'>postquam</span> <span class='ocrx_word' id='word_1_263' title='bbox 428 3934 520 3992; x_wconf 87' lang='lat' dir='ltr'>vates</span> <span class='ocrx_word' id='word_1_264' title='bbox 536 3927 581 3992; x_wconf 90' lang='lat' dir='ltr'>sic</span> <span class='ocrx_word' id='word_1_265' title='bbox 598 3949 650 3993; x_wconf 91' lang='lat' dir='ltr'>ore</span> <span class='ocrx_word' id='word_1_266' title='bbox 665 3926 784 3993; x_wconf 87' lang='lat' dir='ltr'>effatus</span> <span class='ocrx_word' id='word_1_267' title='bbox 799 3927 904 3993; x_wconf 90' lang='lat' dir='ltr'>amico</span> <span class='ocrx_word' id='word_1_268' title='bbox 920 3935 979 4006; x_wconf 88' lang='lat' dir='ltr'>est,</span> <span class='ocrx_word' id='word_1_269' title='bbox 1014 3989 1016 3992; x_wconf 84' lang='grc'><strong>,</strong></span> <span class='ocrx_word' id='word_1_270' title='bbox 1094 4014 1102 4030; x_wconf 90' lang='lat'>.</span> 
     </span>
    </p>
   </div>
   <div class='ocr_carea' id='block_1_3' title="bbox 0 0 1427 4522">
    <p class='ocr_par' dir='ltr' id='par_1_24' title="bbox 0 0 1427 4522">
     <span class='ocr_line' id='line_1_36' title="bbox 0 0 1427 4522; baseline 0 0"><span class='ocrx_word' id='word_1_271' title='bbox 0 0 1427 4522; x_wconf 95' lang='lat' dir='ltr'> </span> 
     </span>
    </p>
   </div>
  </div>
 </body>
</html>
