2944 4522
532 309 703 360 1111111111
724 311 789 360 urs.
814 311 861 360 x1.
981 344 984 352 .
1168 292 1236 358 255

173 470 194 504 ‘⁶
206 469 216 504 ‘
230 471 338 556 Sidus,
356 477 390 536 et
405 469 569 536 Euboicae
586 478 698 536 cautes
713 471 863 556 ultorque
880 469 1077 555 Caphereus.
1170 469 1237 534 260

174 577 194 608 “
209 576 353 642 ‘Militia
369 597 411 641 ex
425 576 483 640 illa
499 576 663 640 diversum
677 575 721 640 ad
734 575 816 640 litus
831 575 952 660 abacti,

174 682 194 714 “
210 681 362 748 ‘Atrides
378 681 490 746 Protei
505 679 676 744 Menelaus
692 680 852 764 adusque
868 681 1035 748 columnas
1066 767 1072 778 ¹

174 787 195 820 “
211 787 384 869 ‘Exsulat
401 787 568 851 Aetnaeos
583 786 666 850 vidit
683 782 842 870 Cyclopas
859 784 986 853 Ulixes.

175 893 195 926 “
210 893 347 978 ‘Regna
362 891 571 977 Neoptolemi
586 891 734 975 referam,
753 913 922 976 versosque
938 899 1074 978 penates

175 999 196 1031 “
211 998 220 1030 ‘
234 998 411 1082 Idomenei,
428 997 593 1082 Libycone
609 995 797 1061 habitantes
812 995 906 1062 litore
922 997 1067 1064 Locros?
1170 1002 1236 1067 265

176 1105 198 1136 “
211 1104 220 1136 ‘
233 1104 307 1190 Ipse
324 1103 523 1188 Mycenaeus
538 1123 731 1187 magnorum
747 1102 865 1204 ductor
880 1100 1049 1166 Achivum

176 1209 198 1242 “
213 1207 387 1294 ‘Oonjugis
403 1206 557 1272 infandae
572 1207 678 1292 prime
693 1207 781 1272 intra
797 1205 911 1271 limina
927 1206 1046 1272 dextra

176 1313 197 1346 “
211 1313 220 1346 ‘
234 1295 384 1400 oppetiit
396 1333 405 1395 ;
429 1313 593 1378 devictam
609 1311 726 1378 Asiam
741 1311 888 1378 subsedit
903 1313 1041 1380 adulter.

176 1418 197 1452 “
211 1419 393 1484 ‘Invidisse
409 1419 495 1502 deos,
513 1417 629 1504 patriis
644 1425 683 1483 ut
699 1417 847 1482 redditus
862 1418 926 1484 aris

176 1523 425 1611 “‘Gonjugium
433 1531 586 1609 optatum
596 1531 629 1588 et
638 1522 809 1609 pulchram
818 1521 1236 1608 CalydonavideremP270

176 1628 197 1661 “
212 1630 266 1694 ‘N
268 1652 332 1695 nnc
349 1630 450 1694 etiam
466 1621 612 1693 horribili
626 1628 698 1693 visu
713 1636 865 1714 portenta
881 1638 1072 1714 sequuntur,

175 1733 196 1766 “
208 1734 217 1766 ‘
230 1735 277 1800 Et
293 1735 369 1800 socii
384 1733 496 1800 amissi
511 1733 678 1820 petierunt
694 1733 826 1798 aethera
841 1735 968 1820 pennis,
1227 1835 1229 1839 ,

177 1839 198 1872 “
212 1840 221 1872 ‘
235 1841 508 1925 Fluminibusque
524 1847 687 1926 vagantur
702 1839 869 1904 aves-heu
885 1840 954 1904 dira
969 1847 1116 1906 meorum

176 1946 198 1980 “
212 1946 222 1978 ‘
237 1945 405 2032 Supplicia
417 1950 489 2012 l-et
506 1945 652 2030 scopulos
668 1943 844 2008 lacrimosis
860 1943 991 2008 vocibus
1006 1944 1154 2029 implent.

177 2051 199 2084 “
214 2051 222 2083 ‘
236 2051 326 2116 Haec
342 2051 421 2115 adeo
437 2071 479 2115 ex
493 2049 549 2114 illo
563 2047 646 2112 mihi
657 2047 727 2132 jam
744 2047 904 2133 speranda
919 2046 1055 2112 fuerunt
1169 2045 1235 2115 275

178 2156 199 2189 “
213 2156 222 2188 ‘
236 2156 404 2241 Tempore,
422 2175 525 2239 quum
540 2154 625 2218 ferro
640 2152 793 2218 coelestia
808 2173 941 2236 corpora
957 2153 1091 2217 demens

178 2262 198 2294 “
211 2261 220 2294 ‘
234 2260 373 2346 Appetii
388 2268 422 2324 et
439 2259 576 2324 Veneris
592 2257 711 2323 violavi
725 2258 859 2322 vulnere
875 2259 1034 2324 dextram.

178 2366 199 2400 “
211 2366 221 2398 ‘
234 2366 286 2431 Ne
301 2387 386 2449 vero,
403 2387 443 2430 ne
458 2384 510 2430 me
526 2365 568 2430 ad
584 2363 667 2428 tales
682 2363 839 2446 impellite
855 2385 990 2450 pugnas.

178 2471 200 2505 ‘⁶
214 2471 303 2537 ‘Nec
318 2470 404 2536 mihi
418 2492 494 2536 oum
510 2469 643 2534 Teucris
658 2469 766 2533 ullum
782 2478 855 2555 post
871 2477 965 2535 eruta
979 2470 1101 2534 bellum

178 2576 199 2609 “
211 2577 220 2608 ‘
232 2577 402 2662 Pergama,
421 2597 480 2640 nec
496 2583 643 2640 veterum
658 2574 795 2640 memini
809 2574 951 2640 laetorve
967 2577 1136 2643 malorum.
1169 2578 1236 2642 280

179 2681 200 2716 “
214 2681 223 2714 ‘
236 2681 383 2766 Munera,
400 2701 484 2766 quae
499 2679 614 2766 patriis
624 2682 673 2747 ad
689 2702 742 2745 me
759 2680 899 2766 portatis
914 2681 956 2745 ab
972 2681 1045 2765 oris,

179 2786 199 2818 “
213 2785 363 2851 ‘Vertite
379 2787 421 2850 ad
437 2785 582 2850 Aenean.
632 2785 792 2852 Stetimus
808 2785 875 2850 tela
891 2807 1004 2870 aspera
1020 2793 1145 2870 contra,

178 2890 199 2923 “
213 2890 222 2923 ‘
235 2890 509 2975 Contulimusque
524 2912 662 2956 manus:
689 2897 823 2976 experto
840 2892 972 2977 credite,
990 2901 1137 2978 quantus
1259 2939 1265 2954 .

177 2995 199 3029 “
213 2995 222 3028 ‘
236 2997 278 3060 In
294 2975 610 3082 clipeumassurgat,
628 3017 692 3080 quo
709 2995 837 3060 turbine
854 3003 1003 3080 torqueat
1019 2997 1159 3063 hastam.

178 3103 199 3136 “
213 3103 223 3136 ‘
237 3103 272 3170 si
287 3104 351 3168 duo
366 3109 535 3188 praeterea
550 3103 634 3168 tales
650 3103 750 3168 ldaea
766 3103 895 3167 tulisset
1077 3149 1080 3158 .
1169 3105 1235 3170 285

177 3208 199 3258 ‘-‘
214 3208 333 3274 ‘Terra
347 3208 442 3291 viros,
467 3205 555 3270 ultro
579 3207 731 3273 Inachias
748 3208 889 3273 venisset
904 3209 947 3272 ad
962 3207 1058 3273 urbes
1138 3309 1139 3312 Ἴ

177 3314 198 3347 “
213 3313 419 3397 ‘Dardanus
436 3320 470 3378 et
488 3311 586 3377 versis
603 3312 729 3398 lugeret
746 3311 884 3378 Graecia
900 3312 990 3378 fatis.

176 3417 198 3452 “
211 3417 220 3450 ‘
234 3417 401 3502 Quidquid
417 3419 506 3502 apud
522 3417 623 3482 durae
639 3424 801 3482 cessatum
817 3423 866 3481 est
882 3415 1009 3481 moenia
1026 3414 1152 3502 Trojae,

176 3523 198 3557 “
211 3522 220 3555 ‘
233 3521 383 3587 Hectoris
399 3521 593 3607 Aeneaeque
609 3543 711 3585 manu
726 3519 861 3585 victoria
877 3520 1016 3586 Graium

177 3628 198 3662 “
210 3627 348 3693 ‘Haesit
364 3636 398 3692 et
413 3628 448 3692 in
463 3627 627 3694 decimum
641 3625 781 3710 vestigia
796 3625 913 3690 retulit
929 3647 1063 3694 annum.
1131 3715 1132 3718 Ἴ
1170 3630 1237 3696 290

177 3733 198 3766 “
210 3733 219 3765 ‘
231 3732 341 3798 Ambo
357 3731 482 3815 animis,
500 3731 595 3796 ambo
610 3729 752 3816 insignes
768 3729 1010 3814 praestantibus
1025 3731 1125 3798 armis

176 3839 196 3872 “
212 3838 299 3903 ‘Hic
316 3837 440 3924 pietate
457 3837 552 3924 prior.
601 3835 730 3902 Coeant
744 3833 782 3899 in
796 3833 924 3900 foedera
940 3837 1085 3921 dextrae,

176 3943 197 3977 “
208 3944 218 3977 ‘
231 3944 306 4026 Qua
320 3943 439 4025 datur3
463 3947 516 4008 ast
532 3941 629 4007 armis
647 3946 838 4007 concurrant
854 3963 944 4006 arma
960 3949 1071 4008 cavete
1086 3943 1116 4010 1’
