2898 4518
363 1039 365 1043 ’
412 1055 451 1124 r.
481 1057 675 1126 vrrenn
705 1057 898 1126 urrcrrs

258 1262 977 1384 finnunrncs

444 1500 587 1567 LIBER
612 1501 857 1570 SEPTIMUS.

545 1713 759 1738 ——000—

118 1865 169 1930 Tu
184 1885 320 1950 quoque
335 1863 486 1930 litoribus
501 1863 629 1948 nostris,
647 1863 774 1930 Aeneia
789 1865 915 1950 nutrix,

117 1967 301 2034 Aeternam
317 1967 457 2033 moriens
471 1969 605 2052 famam,
624 1968 749 2053 Caieta,
767 1969 907 2053 dedisti;

116 2073 162 2138 Et
177 2096 267 2140 nunc
286 2080 397 2139 servat
412 2073 512 2139 honos
528 2074 638 2138 sedem
653 2081 742 2157 tuus,
760 2095 896 2159 ossaque
912 2095 1030 2140 nomen

116 2176 278 2264 Hesperia
296 2177 335 2241 in
348 2197 478 2262 magna,
497 2177 525 2242 si
541 2185 672 2262 quaest
688 2198 727 2242 ea
742 2177 853 2263 gloria,
871 2178 987 2264 signat.

116 2282 164 2346 At
180 2282 257 2368 pius
274 2280 439 2366 exsequiis
455 2280 584 2346 Aeneas
599 2281 662 2346 rite
678 2282 804 2366 solutis,
1129 2307 1131 2312 ’
1164 2285 1185 2351 5

116 2388 247 2474 Aggere
265 2386 447 2472 composito
463 2386 598 2470 tumuli,
616 2393 793 2472 postquam
808 2387 878 2452 alta
894 2386 1049 2472 quierunt

115 2493 284 2578 Aequora,
304 2490 410 2556 tendit
425 2491 489 2555 iter
503 2490 583 2554 velis
599 2498 795 2576 portumque
811 2492 974 2578 relinquit.

116 2597 305 2683 Adspirant
321 2616 418 2660 aurae
434 2595 469 2658 in
485 2601 627 2678 noctem,
644 2615 702 2659 nec
719 2595 859 2660 candida
875 2617 990 2662 cursus

114 2703 210 2767 Luna
227 2707 343 2784 negat,
361 2700 511 2784 splendet
527 2699 666 2763 tremulo
684 2699 745 2764 sub
760 2699 883 2766 lumine
898 2709 1027 2787 pontua

115 2809 275 2875 Proxima
295 2806 446 2872 Circaeae
462 2805 625 2869 raduntur
639 2805 736 2870 litora
751 2813 864 2890 terrae,
1136 2809 1178 2872 10

115 2913 216 2978 Dives
233 2913 416 2977 inaccessos
431 2908 489 2972 ubi
507 2907 589 2974 Solis
603 2907 672 2972 filia
687 2905 784 2974 lucos

112 3019 260 3084 Assiduc
277 3021 409 3080 resonat
424 3021 535 3097 cantu,
552 3013 713 3097 tectisque
729 3013 874 3100 superbis
914 2999 916 3003 ’

112 3124 193 3189 Urit
211 3125 386 3188 odoratam
403 3127 562 3184 nocturna
577 3117 749 3183 inlumina
764 3120 907 3202 cedrum,

110 3229 247 3316 Arguto
265 3236 383 3290 tenues
398 3245 585 3309 percurrens
601 3223 730 3309 pectine
745 3224 837 3290 telas.

110 3336 202 3400 Hinc
219 3329 375 3398 exaudiri
389 3329 531 3415 gemitus
546 3329 678 3414 iraeque
694 3329 836 3410 leonum,
1142 3327 1184 3394 15

110 3439 237 3505 Vincla
254 3441 469 3499 recusantum
485 3441 518 3496 et
534 3454 603 3498 sera
616 3433 676 3496 sub
692 3439 786 3521 nocte
802 3431 991 3514 rudentum,

110 3541 326 3628 Setigerique
342 3558 415 3603 sues
431 3545 531 3623 atque
547 3537 582 3602 in
598 3537 809 3622 praesepibus
824 3534 892 3600 ursi

109 3647 261 3724 Saevire,
280 3663 319 3707 ac
335 3642 457 3706 formae
473 3641 667 3728 magnorum
681 3641 807 3704 ululare
823 3639 993 3723 luporum:

109 3755 203 3834 Quos
219 3745 398 3813 hominum
414 3767 454 3810 ex
469 3745 553 3810 facie
569 3746 630 3809 dea
646 3765 741 3810 saeva
756 3742 946 3829 potentibus
962 3742 1071 3808 herbis
1151 3780 1153 3786 ·

108 3859 283 3924 Induerat
302 3849 395 3916 Oirce
411 3851 445 3916 in
460 3851 575 3916 vultus
590 3871 628 3914 ac
644 3859 736 3935 terga
750 3849 899 3915 ferarum.
1140 3847 1185 3910 20

107 3966 205 4046 Quae
223 3978 271 4024 ne
287 3963 435 4020 menstra
450 3955 498 4041 pii
512 3962 703 4040 paterentur
717 3954 799 4020 talia
815 3953 925 4037 Troes,
