2898 4518
246 337 311 406 150
602 353 773 400 nurrrnos
795 353 860 400 rra.
885 351 945 399 rrr.

246 515 294 580 Et
310 514 418 580 varias
434 514 528 580 audit
544 534 648 598 voces,
664 513 847 597 finiturque
863 513 997 576 deorum
1272 507 1316 572 90
1357 485 1364 492 ⁶

248 619 430 704 Colloquio,
447 627 546 704 atque
557 619 633 684 imis
649 618 837 684 Acheronta
853 617 974 681 affatur
989 615 1137 680 Avernis.

170 753 185 776 ·
247 725 313 790 Hic
330 733 364 790 et
380 733 461 790 tunc
477 732 573 810 pater
587 723 656 810 ipse
672 730 788 809 petens
803 743 956 807 responsa
972 719 1112 786 Latinus
1162 799 1167 811 ο

153 837 157 846 “
248 830 394 896 Centum
408 829 569 916 lanigeras
585 829 756 894 mactabat
772 828 833 892 rite
850 827 1008 909 bidentes,

248 937 361 1020 Atque
376 934 494 999 harum
511 933 645 1000 effultus
661 941 751 1019 tergo
768 932 945 1017 stratisque
957 930 1088 1015 jacebat

248 1040 456 1107 Velleribus:
482 1040 592 1105 subita
608 1061 649 1104 ex
665 1035 732 1104 alt'o
748 1060 812 1104 vox
828 1037 957 1102 reddita
972 1037 1046 1101 luco
1062 1042 1131 1102 est:
1273 1037 1316 1099 95

248 1145 331 1209 “Ne
347 1154 423 1231 pete
439 1145 609 1234 connubiis
624 1153 740 1209 natam
756 1143 875 1209 sociare
891 1141 1032 1225 Latinis,

249 1250 270 1284 “
287 1250 316 1316 Ο
336 1271 410 1316 mea
425 1249 604 1337 progenies,
621 1247 777 1314 thalamis
791 1268 857 1312 neu
872 1247 966 1311 crede
983 1243 1130 1332 paratis:

248 1354 270 1388 “
283 1355 425 1420 Externi
440 1355 580 1420 veniunt
596 1353 717 1440 generi,
735 1353 793 1438 qui
809 1352 966 1437 sanguine
983 1357 1133 1414 nostrum

251 1459 415 1526 “Nomen
430 1460 465 1525 in
481 1468 569 1525 astra
583 1461 700 1543 ferant,
719 1479 922 1544 quorumque
938 1457 980 1522 ab
997 1456 1099 1541 stirpe
1115 1473 1255 1540 nepotes

208 1561 211 1566 ’
249 1565 405 1631 “Omnia
421 1566 481 1630 sub
497 1566 644 1651 pedibus,
662 1586 728 1650 qua
746 1565 800 1631 Sol
816 1571 994 1647 utrumque
1009 1581 1174 1628 recurrens
1247 1557 1314 1622 100

250 1670 272 1704 “
289 1670 442 1757 Adspicit
458 1670 636 1754 Oceanum,
652 1670 800 1755 vertique
818 1669 949 1754 regique
965 1667 1154 1734 videbunt.'’

250 1775 342 1840 Haec
359 1797 510 1860 responsa
525 1774 629 1861 patris
644 1774 753 1839 Fauni
767 1774 975 1858 monitusque
992 1771 1101 1838 silenti

250 1878 282 1943 N
285 1887 356 1944 octe
372 1881 467 1945 datos
483 1901 548 1944 non
562 1879 631 1964 ipse
648 1901 705 1943 suo
721 1877 841 1963 premit
857 1898 910 1942 ore
928 1872 1087 1958 Latinus3

251 1983 316 2049 Sed
332 1983 454 2048 circum
469 1984 536 2049 late
550 1983 691 2048 volitans
703 1981 774 2068 jam
789 1981 896 2046 Fama
910 2003 968 2067 per
983 1981 1079 2046 urbes

250 2087 412 2152 Ausonias
428 2088 560 2172 tulerat,
577 2109 682 2172 quum
697 2086 933 2151 Laomedontia
949 2085 1052 2170 pubes
1251 2085 1317 2150 105

251 2191 427 2257 Gramineo
443 2192 531 2278 ripae
548 2190 696 2277 religavit
711 2191 754 2256 ab
769 2211 883 2276 aggere
899 2191 1044 2256 classem.

318 2294 448 2360 Aeneas
463 2295 624 2380 primique
639 2297 740 2360 duces
756 2301 789 2359 et
807 2293 942 2380 pulcher
957 2293 1052 2359 Iulus

252 2399 393 2484 Corpora
409 2399 470 2464 sub
487 2398 585 2464 ramis
600 2399 769 2484 deponunt
785 2397 905 2463 arboris
921 2397 1021 2482 altae,

252 2504 504 2589 Instituuntque
520 2503 630 2588 dapes,
648 2510 682 2567 et
698 2503 814 2568 adorea
828 2503 896 2567 liba
910 2523 969 2588 per
982 2503 1119 2568 herbam

253 2605 439 2692 subjiciunt
455 2606 622 2692 epulis-sic
638 2603 771 2690 Jupiter
785 2605 856 2690 ipse
871 2606 1051 2689 monebat,
1254 2606 1318 2669 110

251 2712 298 2778 Et
315 2712 446 2777 Cereale
464 2711 569 2776 solum
584 2710 690 2796 pomis
705 2709 887 2796 agrestibus
902 2718 1033 2796 augent.

254 2816 444 2882 Consumtis
459 2816 511 2880 hic
527 2815 610 2888 forte
625 2814 708 2900 aliis,
725 2823 764 2879 ut
780 2822 905 2879 vertere
920 2835 1046 2880 morsus

251 2919 418 3007 Exiguam
433 2921 467 2985 in
484 2919 635 2987 Cererem
650 2919 786 3006 penuria
801 2919 913 3006 adegit
928 2919 1046 2985 edendi

251 3027 298 3090 Et
315 3025 433 3090 violare
448 3046 550 3089 manu
565 3024 725 3109 malisque
740 3024 918 3090 audacibus
934 3021 1045 3089 orbem

253 3131 380 3195 Fatalis
396 3129 508 3214 crusti,
525 3129 648 3215 patulis
664 3151 723 3194 nec
738 3149 868 3215 parcere
884 3128 1014 3214 quadris
1027 3150 1036 3212 3
1253 3131 1318 3196 115

253 3235 380 3300 “Heus
394 3240 403 3304 l
429 3235 532 3300 etiam
546 3255 674 3300 mensas
690 3234 912 3299 consumimus
926 3235 970 3300 ?'’
986 3234 1095 3319 inquit
1112 3233 1266 3319 Iulus,—

251 3341 321 3407 Nec
337 3341 432 3427 plura
447 3338 604 3406 alludens.
651 3339 703 3404 Fa
718 3359 782 3404 vox
796 3339 913 3404 audita
927 3340 1078 3405 laborum

253 3446 367 3511 Prima
382 3446 463 3510 tulit
479 3446 589 3530 finem,
606 3445 811 3531 primamque
826 3445 990 3530 loquentis
1007 3445 1049 3510 ab
1064 3465 1118 3509 ore

253 3551 388 3637 Eripuit
403 3559 498 3636 pater
511 3571 549 3616 ac
566 3549 772 3636 stupefactus
787 3551 923 3616 numine
939 3551 1067 3637 pressit.

254 3655 418 3722 Continuo
437 3655 458 3687 “
473 3656 569 3722 Salve
584 3656 661 3721 fatis
676 3655 758 3720 mihi
773 3655 885 3720 debita
900 3657 1010 3740 tellus,
1253 3657 1317 3720 120

254 3759 276 3793 “
290 3757 423 3845 Vosque
435 3761 455 3788 ''
471 3758 520 3824 ait
537 3758 587 3824 “0
602 3759 662 3825 fidi
677 3758 793 3844 Trojae
810 3759 932 3824 salvete
949 3759 1111 3826 Penatesl

255 3867 277 3901 “
290 3867 355 3932 Hic
371 3868 497 3950 domus,
514 3865 594 3930 haec
610 3865 719 3947 patria
734 3873 785 3930 est
800 3887 807 3932 :
834 3865 961 3950 genitor
975 3865 1058 3930 mihi
1073 3865 1319 3952 talia-namque

254 3970 275 4004 “
287 3969 385 4035 Nunc
403 3967 691 4054 repeto-Anchises
705 3969 853 4039 fatorum.
866 3991 984 4034 arcana
1000 3968 1143 4054 reliquit.
