2944 4522
487 395 655 440 suumoos
678 395 742 442 ura.
768 395 814 441 111.
1124 375 1189 441 217

130 555 301 642 Occupat:
326 553 404 620 huic
421 576 487 618 uno
502 553 665 638 dejectum
681 553 861 618 comminus
878 554 949 620 ictu
1121 551 1187 620 770

130 661 217 728 Cum
232 662 326 746 galea
339 661 434 746 longe
446 658 553 744 jacuit
570 666 679 744 caput.
728 659 810 724 Inde
825 659 965 724 ferarum

128 765 341 830 Vastatorem
358 763 533 848 Amycum,
551 784 615 848 quo
631 784 695 827 nou
711 762 832 827 felicior
847 764 930 828 alter

130 869 287 954 Unguere
303 869 369 934 tela
384 890 486 932 manu
500 867 686 951 ferrumque
702 888 827 932 armare
842 889 976 950 veneno,

129 975 176 1040 Et
195 973 344 1059 Clytium
360 973 531 1057 Aeoliden,
549 980 583 1036 et
599 972 743 1037 amioum
761 971 902 1038 Crethea
919 973 1032 1056 Musis,

130 1078 271 1144 Crethea
287 1077 458 1144 Musarum
474 1076 638 1161 comitem,
656 1077 710 1141 oui
727 1075 870 1142 carmina
886 1097 1011 1162 semper
1124 1073 1188 1140 775

129 1183 177 1248 Et
193 1183 336 1247 citharae
353 1182 449 1265 cordi,
466 1202 680 1266 numerosque
696 1181 864 1246 intendere
880 1181 1004 1265 nervis;

131 1289 267 1372 Semper
282 1308 380 1372 equos
396 1293 495 1371 atque
511 1307 603 1351 arma
618 1285 727 1350 virum
742 1305 934 1371 pugnasque
950 1285 1098 1350 canebat.

130 1393 280 1458 Tandem
295 1393 444 1457 ductores
459 1391 573 1456 audita
588 1392 686 1456 caede
702 1412 835 1456 suorum
1007 1459 1016 1482 ·

132 1497 340 1564 Conveniunt
357 1495 485 1580 Teucri,
503 1495 695 1561 Mnestheus
711 1518 846 1581 acerque
864 1497 1021 1580 Serestus,

132 1605 353 1689 Palantesque
369 1605 481 1669 vident
497 1603 596 1670 socios
611 1605 803 1690 hostemque
820 1614 994 1691 receptum.
1123 1599 1189 1670 780
1291 1628 1293 1634 ’

131 1710 178 1774 Et
192 1710 386 1774 Mnestheus
403 1708 424 1741 “
438 1709 510 1790 Quo
522 1709 637 1774 deiude
649 1709 773 1796 fugam,
787 1733 850 1795 quo
864 1711 1025 1776 tenditis?
1038 1713 1056 1740 '²
1070 1709 1188 1793 inquit.

131 1815 152 1846 “
168 1815 255 1894 Quos
271 1813 351 1879 alios
366 1836 486 1896 muros,
504 1835 587 1898 quae
600 1813 669 1898 jam
685 1814 773 1879 ultra
788 1814 915 1880 moenia
932 1815 1090 1880 habetis?

132 1917 153 1949 “
168 1917 266 1982 Unus
282 1917 388 2000 homo,
405 1925 440 1981 et
456 1917 581 2000 vestris,
599 1939 617 1982 o
633 1918 731 2001 cives,
750 1918 895 2002 undique
912 1926 1026 2002 septus

132 2021 154 2055 “
166 2022 361 2107 Aggeribus,
379 2029 490 2086 tantas
506 2029 628 2106 strages
643 2022 778 2108 impune
794 2045 851 2108 per
866 2023 979 2086 urbem

132 2126 154 2159 “
164 2126 342 2192 Ediderit?
363 2125 524 2211 juvenum
540 2127 661 2212 primos
673 2134 726 2192 tot
742 2126 866 2192 miserit
884 2127 995 2193 Oreo?
1125 2123 1191 2193 785

134 2231 156 2264 “
169 2232 246 2297 Non
260 2230 397 2296 infelicis
413 2230 538 2316 patriae
554 2239 767 2316 veterumque
783 2233 917 2297 deorum

133 2336 156 2369 “
168 2337 216 2401 Et
231 2335 343 2420 magui
359 2334 492 2399 Aeneae
509 2356 621 2420 segnes
637 2336 832 2420 miseretque
847 2337 1015 2422 pudetque
1027 2338 1078 2402 ?·''

133 2441 271 2508 Talibus
286 2439 412 2504 accensi
427 2438 611 2523 firmantur,
628 2448 662 2504 et
679 2440 808 2526 agmine
824 2441 923 2506 denso

133 2548 338 2615 Consistuut.
385 2545 517 2610 Turnus
532 2546 708 2630 paullatim
725 2547 877 2612 excedere
892 2569 1013 2633 pugna,

132 2655 179 2720 Et
195 2653 333 2718 fluvium
348 2659 457 2736 petere
473 2672 510 2715 88
526 2659 665 2736 partem,
683 2673 766 2736 quae
783 2653 925 2739 cingitur
938 2655 1035 2720 unda.
1126 2651 1193 2722 790

134 2759 253 2825 Acrius
267 2758 327 2822 hoc
345 2756 462 2822 Teucri
478 2757 615 2822 clamore
630 2757 815 2824 incumbere
830 2781 959 2846 magno,

134 2865 181 2930 Et
198 2865 374 2949 glomerare
390 2884 548 2929 manum:
575 2884 634 2927 ceu
651 2885 783 2928 saevum
798 2866 896 2930 turha
911 2865 1037 2930 leonem

135 2968 246 3048 Quum
262 2966 336 3030 telis
352 2965 471 3051 premit
487 2965 631 3051 infensis,
648 2973 684 3030 at
700 2968 833 3033 territus
848 2969 912 3052 ille,

134 3073 253 3157 Asper,
271 3072 385 3136 acerba
402 3079 507 3155 tuens,
526 3078 610 3136 retro
626 3072 720 3156 redit,
738 3081 771 3137 et
788 3063 893 3158 neque
909 3080 1001 3159 terga

134 3177 190 3242 Ira
206 3177 282 3240 dare
298 3182 357 3240 aut
372 3175 478 3240 virtus
494 3176 633 3261 patitur,
651 3198 709 3242 nec
726 3178 858 3242 tendere
875 3186 988 3244 contra
1127 3174 1193 3245 795

134 3283 197 3348 1118
213 3281 357 3366 quidem,
373 3281 435 3345 hoc
451 3281 596 3366 cupiens,
614 3281 703 3366 potis
719 3290 768 3346 est
784 3305 842 3367 per
856 3283 922 3347 tela
938 3281 1093 3366 virosque.

134 3387 239 3452 Haud
254 3385 348 3450 aliter
362 3391 447 3450 retro
463 3385 582 3450 dubius
597 3386 735 3471 vestigia
751 3386 884 3450 Turnus

135 3492 363 3576 Imprcperata
379 3488 486 3573 refert,
503 3496 537 3554 et
553 3511 647 3556 meus
662 3497 834 3556 exaestuat
850 3489 905 3555 118.

137 3595 225 3676 Quin
241 3594 343 3659 etiam
357 3593 408 3658 bis
424 3602 498 3658 tum
515 3594 637 3659 medios
652 3593 816 3658 invaserat
831 3593 950 3678 hostes,

138 3700 195 3764 Bis
211 3698 347 3764 confusa
362 3697 441 3783 fuga
456 3719 513 3784 per
527 3719 634 3763 muros
650 3697 783 3782 agmina
798 3697 916 3781 vertit3
1130 3701 1197 3765 800

138 3805 203 3870 Sed
218 3823 337 3867 manus
353 3822 370 3866 e
386 3801 499 3868 castris
516 3823 647 3886 propere
663 3801 728 3866 coit
741 3802 845 3867 omnis
861 3801 896 3866 in
912 3824 1038 3887 unum;

138 3908 209 3974 Nec
226 3914 342 3972 contra
356 3907 439 3972 vires
455 3908 556 3972 audet
573 3906 727 3972 Saturnia
742 3905 833 3972 luno

140 4011 318 4080 Sufficere:
344 4010 467 4154 8011ῗᾶ11
482 4010 569 4076 88818
585 4032 662 4074 nam
678 4009 813 4096 Jupiter
828 4011 908 4077 Irim
