2944 4522
501 279 505 286 ’
540 306 798 362 summosam.
824 307 857 356 x.
1163 289 1228 356 231

161 468 451 554 ,Semianimesque
467 465 592 534 micant
608 447 706 555 digiti
720 470 908 553 ferrumque
924 431 1140 536 retractant..

167 574 315 641 Arcadas
330 596 484 640 accensos
498 573 628 640 monitu
644 582 679 640 et
695 576 860 662 praeclara
876 583 1009 640 tuentes

167 681 274 746 Facta
288 681 349 745 viri
363 680 491 765 mixtus
507 680 645 746 doloret
661 681 766 766 pudor
781 689 888 746 armat
903 681 939 746 in
955 681 1074 746 hostes.

170 785 258 849 Tum
273 785 387 850 Pallas
400 783 524 870 bijugis
538 784 724 870 fugientem
739 785 887 850 Rhoetea
902 793 1031 870 praeter

170 889 314 976 Trajicit.
362 889 436 954 Hoc
452 889 608 974 spatium,
624 897 824 975 tantumque
840 911 948 956 morae
962 889 1028 955 fuit
1044 890 1113 958 Ilo:
1162 886 1230 955 400

170 995 219 1061 Πο
234 1015 376 1081 namque
392 994 505 1080 procul
521 994 666 1060 validam
680 994 843 1060 direxerat
857 994 999 1079 hastam,

171 1101 280 1182 Quam
293 1099 422 1165 medius
439 1098 605 1164 Rhoeteus
620 1097 799 1184 intercipit,
817 1098 942 1183 optime
959 1098 1120 1184 Teuthra,

171 1206 219 1270 Te
233 1205 359 1292 fugiens
373 1205 573 1290 fratremque
590 1204 719 1289 Tyren;
749 1225 909 1290 curruque
925 1204 1056 1271 volutus

172 1311 292 1378 Caedit
307 1311 508 1378 semianimis
524 1311 726 1377 Rutulorum
741 1311 886 1378 calcibus
901 1333 987 1378 arva.

170 1417 221 1484 Ac
237 1417 339 1502 velut,
356 1423 473 1502 optato
489 1417 596 1484 ventis
611 1425 738 1484 aestate
754 1417 881 1502 coortis,
1166 1415 1233 1484 405

171 1522 329 1608 Dispersa
343 1520 499 1586 immittit
515 1521 605 1587 silvis
620 1521 771 1588 incendia
786 1529 899 1608 pastor
913 1544 922 1606 ;

172 1627 336 1714 Correptio
352 1627 463 1692 subito
478 1626 603 1711 mediis,
621 1628 813 1694 extenditur
828 1651 895 1694 una

171 1732 313 1799 Horrida
328 1731 486 1819 perlatos
501 1732 586 1798 acies
602 1731 766 1798 Vulcania
782 1755 937 1821 campos;

171 1839 234 1903 Ille
251 1840 366 1904 sedens
382 1839 484 1904 victor
498 1838 650 1906 flammas
665 1841 836 1926 despectat
851 1849 1007 1909 ovantes:

171 1943 250 2008 Non
265 1944 363 2009 aliter
378 1933 502 2010 socium
517 1943 622 2010 virtus
638 1945 703 2012 coit
718 1945 823 2012 omnis
838 1945 874 2010 in
889 1967 1006 2030 unum,
1166 1947 1234 2012 410

172 2049 285 2134 Teque
297 2049 406 2135 juvat,
423 2049 525 2118 Palla.
574 2051 638 2118 Sed
653 2051 747 2118 bellis
763 2072 836 2118 acer
851 2051 1014 2117 Halaesus

173 2155 296 2222 Tendit
311 2157 346 2221 in
362 2157 524 2241 adversos,
542 2177 640 2241 seque
656 2157 691 2222 in
707 2179 767 2222 sua
783 2157 908 2242 colligit
921 2178 1023 2240 arma.

173 2261 238 2326 Hic
254 2249 382 2326 mactat
397 2261 532 2327 Ladona
547 2260 754 2347 Pheretaque
770 2261 1078 2346 Demodocumquc;

174 2366 361 2452 Strymonio
375 2368 529 2432 dextram
543 2366 685 2454 fulgenti
699 2367 819 2452 deripit
836 2387 912 2432 ense

173 2471 356 2536 Elatamin
368 2471 543 2558 jugulum;
570 2493 647 2537 saxo
662 2471 738 2537 ferit
755 2493 810 2537 ora
827 2471 996 2556 Thoantis,
1168 2468 1235 2538 415

175 2576 323 2662 Ossaque
339 2577 490 2663 dispersit
505 2577 632 2642 cerebro
647 2576 812 2663 permixta
827 2585 970 2646 cruento.
1125 2570 1127 2574 ’

174 2681 262 2746 Fata
278 2703 397 2748 canens
413 2681 501 2748 silvis
517 2681 646 2768 genitor
660 2683 783 2748 celarat
802 2683 994 2770 Halaesum,

176 2787 228 2853 Ut
244 2787 350 2853 senior
364 2789 430 2854 leto
445 2785 598 2854 canentia
613 2788 739 2854 lumina
756 2788 873 2855 solvit:

176 2893 320 2980 lnjecerc
335 2915 472 2958 manum
487 2893 610 2960 Parcae
626 2893 767 2979 telisque
784 2902 953 2960 sacrarunt

122 3005 127 3012 '
175 2997 329 3064 Evandri.
377 2997 482 3079 Quem
498 2997 543 3064 sic
559 2998 671 3064 Pallas
686 2999 771 3084 petit
787 3007 864 3064 ante
880 3005 1031 3084 precatus
1047 3021 1055 3066 :
1170 2998 1237 3064 420

177 3103 198 3136 “
212 3104 266 3168 Da
280 3124 379 3187 nunc,
398 3103 523 3188 Thybri
538 3109 644 3188 pater,
660 3102 753 3188 ferro,
770 3105 857 3188 quod
873 3103 994 3170 missile
1009 3104 1103 3187 libro,

176 3208 394 3274 “Fortunam
408 3216 509 3294 atque
524 3208 613 3274 viam
628 3208 702 3274 duri
716 3231 773 3294 per
788 3217 904 3296 pectus
921 3208 1066 3275 Halaesi.

177 3315 197 3348 “
210 3315 301 3380 Haeo
318 3336 409 3380 arma
424 3313 620 3398 exuviasque
636 3313 696 3378 viri
711 3321 772 3378 tua
788 3333 926 3398 quercus
941 3313 1105 3380 habebit.'’

176 3421 294 3487 Audiit
311 3420 369 3484 illa
384 3421 483 3487 deus:
509 3420 591 3484 dum
607 3419 693 3484 texit
709 3418 847 3484 Imaona
863 3418 1037 3504 Halaesus,

175 3527 319 3593 Arcadio
334 3525 450 3592 infelix
464 3525 530 3592 telo
546 3527 606 3591 dat
623 3532 739 3610 pectus
754 3524 927 3590 inermum.
1174 3523 1241 3594 425

176 3632 224 3697 At
234 3655 307 3716 ,non
322 3631 420 3698 caede
436 3631 498 3698 viri
513 3637 609 3696 tanta
623 3628 797 3716 perterrita
815 3629 954 3715 Lausus,

178 3738 258 3804 Pars
273 3738 391 3823 ingens
405 3737 494 3821 belh',
512 3736 590 3802 sinit
606 3734 757 3822 agmina:
782 3734 907 3820 primus
923 3735 1091 3805 Abantem

177 3843 378 3932 Oppositum
392 3841 564 3925 interimit,
581 3860 711 3926 pugnae
725 3841 912 3925 nodumque
929 3864 1129 3929 moramque.

178 3949 345 4018 Sternitur
359 3947 521 4014 Arcadiae
538 3946 652 4033 proles,
670 3952 861 4012 sternuntur
875 3947 1018 4050 Etrusci,

1301 1086 1342 1130 Χ
