2944 4522
262 271 328 334 290
618 285 789 331 nnunrnos
812 286 875 333 nm.
894 285 961 332 ·x11.

264 445 428 512 Terribilis
444 467 575 511 saevam
590 445 681 510 nullo
695 443 879 509 discrimine
895 445 1028 508 caedem

265 553 420 636 suscitat,
437 551 622 636 irarumque
638 572 749 616 omncs
765 548 904 615 effundit
919 550 1071 615 habenas.

264 657 343 738 Quis
358 657 440 721 mihi
455 677 542 721 nunc
559 664 608 722 tot
625 657 740 720 acerba
756 657 846 738 deus,
864 655 935 740 quis
951 655 1093 719 carmine
1109 655 1224 720 caedes
1251 655 1321 721 500

264 761 415 826 Diversas
431 759 621 844 obitumque
637 761 771 843 ducum,
788 781 869 843 quos
885 780 1020 844 aequore
1036 766 1108 824 toto

264 867 369 950 Inque
384 865 488 930 vicem
504 886 591 930 nunc
612 864 745 930 Turnus
760 865 839 950 agit,
857 887 945 930 nunc
963 864 1080 930 Troius
1094 865 1197 947 heros,

263 970 456 1056 Expediet?
482 971 610 1034 tanton'
626 968 750 1055 placuit
767 991 952 1034 concrurcre
968 977 1073 1052 motu,

264 1075 407 1160 Jupiter,
424 1081 556 1138 aeterna
571 1081 684 1160 gentes
700 1075 736 1138 in
751 1095 831 1159 pace
845 1075 1005 1141 futuras?

266 1181 396 1246 Aeneas
412 1180 577 1245 Rutulum
594 1179 839 1246 Sucronem-ea
854 1179 959 1266 prima
975 1188 1105 1246 ruentes
1254 1180 1322 1245 505

266 1287 384 1372 Pugna
397 1286 467 1350 loco
483 1283 601 1350 statuit
619 1283 874 1350 Teucros-haud
891 1286 998 1350 multa
1014 1291 1194 1349 morantem

265 1391 401 1476 Excipit
415 1390 450 1454 in
465 1390 554 1456 latus
570 1397 615 1474 et,
632 1411 698 1474 qua
712 1389 782 1454 fata
798 1389 973 1474 celerrima,
991 1392 1128 1456 crudum

267 1494 478 1580 Transadigit
495 1501 602 1560 costas
618 1501 652 1558 et
668 1500 773 1558 crates
789 1493 927 1580 pectoris
943 1515 1061 1560 ensem.

267 1599 398 1662 Turnus
414 1619 496 1682 equo
511 1597 675 1682 dejectum
690 1597 855 1682 Amycum
869 1598 1069 1683 fratremque
1086 1599 1218 1664 Dioram

268 1703 464 1789 Congressus
479 1703 588 1788 pedes,
604 1703 693 1768 hunc
709 1703 894 1768 venientem
909 1704 1041 1790 cuspide
1056 1705 1164 1790 longa,
1256 1704 1325 1771 510

268 1807 366 1872 Hunc
383 1829 536 1872 mucrone
550 1807 636 1892 ferit,
654 1829 814 1893 curruque
830 1808 956 1874 abscisa
971 1811 1112 1874 duorum

270 1913 446 1998 Suspendit
461 1913 572 1999 capita
588 1921 621 1978 et
638 1914 780 1978 rorantia
796 1915 952 2000 sanguine
968 1922 1087 2000 portat.

268 2020 329 2084 Ille
347 2019 451 2084 Talon
469 2019 672 2103 Tanaimque
688 2019 760 2084 neci
774 2019 955 2105 fortemque
973 2019 1166 2106 Cethegum,

207 2131 210 2136 '
270 2123 350 2189 Tres
364 2145 430 2188 uno
445 2145 626 2210 congressu,
643 2131 676 2188 ct
693 2131 859 2189 maestum
874 2124 984 2189 mittit
1002 2125 1144 2210 Onyten,

269 2229 409 2294 Nomine
425 2229 624 2294 Echionium
639 2229 816 2313 matrisque
831 2250 934 2316 genus
950 2230 1123 2312 Peridiae3
1260 2234 1329 2299 515
1454 2257 1455 2260 ¹

270 2335 335 2400 Hic
350 2334 468 2400 fratres
483 2333 586 2418 Lycia
602 2333 715 2398 missos
732 2340 765 2397 et
782 2333 945 2418 Apollinis
962 2335 1056 2420 agris,

269 2441 316 2505 Et
327 2439 483 2524 juvenem
499 2460 632 2503 exosum
647 2438 868 2523 nequidquam
883 2441 969 2504 bella
985 2441 1168 2524 Menoeten,

270 2544 411 2622 Arcada,
429 2543 572 2628 piscosae
588 2542 641 2606 cui
657 2542 779 2606 circum
793 2541 931 2608 flumina
947 2543 1070 2608 Lernae

271 2649 336 2713 Ars
351 2646 458 2710 fuerat
474 2667 660 2732 pauperque
676 2648 802 2730 domus,
819 2668 877 2712 nec
893 2654 972 2713 nota
987 2657 1160 2733 potentum

272 2753 420 2835 Munera,
439 2753 664 2837 conductaque
680 2760 776 2837 pater
791 2754 907 2818 tellure
924 2757 1058 2822 serebat.
1263 2759 1333 2825 520

272 2859 323 2922 Ac
338 2858 430 2922 velut
445 2857 583 2922 immissi
598 2857 731 2922 diversis
746 2858 896 2942 partibus
911 2859 1002 2945 ignes

273 2963 433 3028 Arentcm
448 2962 484 3026 in
500 2962 613 3027 silvam
630 2969 664 3028 et
681 2961 825 3048 virgulta
841 2965 989 3029 sonantia
1004 2965 1105 3050 lauro,

274 3069 346 3134 Aut
361 3068 418 3133 ubi
434 3069 573 3133 decursu
588 3069 701 3152 rapido
717 3069 758 3132 de
773 3069 940 3134 montibus
955 3070 1030 3135 altis

275 3176 369 3240 Dant
385 3173 529 3239 sonitum
545 3173 687 3258 spumosi
702 3195 815 3239 amnes
832 3181 865 3240 et
880 3175 916 3238 111
932 3196 1070 3260 aequora
1086 3183 1232 3260 currunt,

276 3280 420 3363 Quisque
437 3300 534 3343 suum
549 3279 728 3364 populatus
744 3279 825 3345 iter:
851 3301 917 3344 11011
933 3281 1063 3364 segnius
1078 3281 1175 3346 ambo
1268 3285 1334 3350 525

276 3385 404 3449 Aeneas
422 3383 615 3468 Turnusque
632 3392 733 3448 ruunt
748 3405 806 3468 per
821 3384 960 3468 proelia;
986 3395 1083 3469 1111110,
1100 3407 1188 3451 nunc

156 3562 165 3574 ἢ
277 3490 437 3554 Fluctuat
453 3488 500 3552 ira
515 3488 617 3571 intus,
630 3496 829 3573 rumpuntur
843 3489 951 3554 nescia
966 3489 1052 3554 vinci

277 3595 435 3674 Pectora;
459 3615 546 3656 nunc
563 3593 640 3658 totis
656 3593 691 3656 in
707 3593 840 3656 vulnera
855 3593 977 3658 viribus
992 3593 1066 3660 itur.

278 3698 469 3763 Murranum
485 3697 549 3781 hic,
567 3705 680 3762 atavos
696 3705 729 3761 et
746 3719 879 3760 avorum
897 3698 1035 3782 antiqua
1052 3707 1225 3764 sonantem

279 3803 432 3885 Nomina,
450 3823 507 3887 per
523 3822 675 3886 regesque
691 3809 801 3866 actum
817 3822 920 3886 genus
936 3823 1030 3867 omne
1046 3802 1192 3887 Latinos,
1271 3805 1337 3871 530
1454 3799 1455 3806 '

282 3907 499 3992 Praecipitem
515 3906 645 3989 scopulo
661 3913 760 3988 atque
776 3905 920 3991 ingentis
935 3907 1067 4001 turbine
1083 3909 1154 3972 saxi
