2944 4522
266 315 330 380 192
612 330 873 378 erumnosus.
898 331 971 375 vur.

265 491 313 556 Et
329 491 488 557 scelerum
505 513 636 576 poenas,
654 498 688 556 et
703 498 748 576 te,
766 489 923 574 Catilina,
940 489 1062 554 minaci

265 595 470 662 Pendentem
485 597 617 683 scopulo
633 596 874 681 Furiarumque
890 617 945 660 ora
960 602 1179 660 trementem:

267 703 478 787 Secretosque
495 700 564 786 pios
579 721 588 783 ;
611 701 664 765 his
681 701 815 764 dantem
826 699 901 784 jura
918 699 1087 766 Catonem.
1265 696 1333 766 670

266 805 358 870 Haeo
375 805 462 870 inter
477 804 599 870 tumidi
614 804 681 869 late
698 804 795 868 maris
811 804 882 869 ibat
897 804 1005 890 imago

265 910 396 992 Aurea;
420 910 476 974 sed
491 908 597 974 fluctu
613 909 812 994 spumabant
827 909 1063 1002 caerulaeano,

266 1016 313 1082 Et
329 1016 453 1082 circum
468 1021 602 1101 argento
619 1015 697 1080 olari
713 1014 882 1100 delphines
898 1015 932 1080 in
949 1015 1058 1080 orbem

266 1121 419 1207 Aequora
434 1121 605 1187 verrebant
622 1120 744 1204 caudis,
761 1128 955 1205 aestumque
971 1120 1134 1186 secabant.

247 1222 310 1292 'In
324 1227 430 1292 medio
446 1226 563 1292 classes
579 1233 717 1310 aeratas,
734 1226 946 1310 Actiabella,
1265 1221 1332 1289 675

268 1331 405 1397 Cernere
421 1338 512 1414 crat;
537 1338 711 1416 totumque
726 1331 887 1396 instructo
904 1331 1010 1396 Marte
1025 1332 1150 1396 videres

150 1511 154 1517 ¹
267 1436 405 1501 Fervere
421 1436 600 1520 Leucaten,
618 1455 761 1519 auroque
777 1433 930 1521 effulgere
946 1435 1077 1501 fluctus.

266 1543 354 1608 Hinc
370 1542 544 1628 Augustus
559 1563 658 1628 agens
674 1541 777 1606 Italos
792 1543 827 1604 in
843 1542 964 1626 proelia
981 1542 1111 1625 Caesar.

266 1649 352 1715 Cum
368 1648 524 1713 Patribus
541 1647 741 1732 Populoque‚
760 1646 941 1711 Penatibus
956 1653 990 1710 et
1007 1646 1133 1732 magnis
1151 1645 1222 1729 Dis,

267 1755 367 1820 Stans
382 1754 468 1819 celsa
482 1753 518 1817 in
533 1752 659 1840 puppi:
685 1752 830 1838 geminas
846 1751 900 1816 cui
916 1760 1064 1837 tempora
1078 1751 1232 1816 flammas
1263 1751 1333 1816 680

266 1859 370 1924 Laeta
384 1866 532 1942 vomunt,
549 1857 759 1943 patriumque
775 1857 920 1943 aperitur
934 1857 1055 1922 vertice
1071 1856 1161 1922 sidus
1175 1877 1184 1938 ;

266 1965 365 2030 Parte
381 1964 446 2028 alia
460 1962 568 2028 ventis
583 1971 617 2027 et
633 1963 681 2028 dls
698 1963 847 2049 Agrippa
862 1963 1013 2028 secundis

266 2069 400 2135 Arduus
416 2089 533 2155 agmen
549 2089 665 2153 agens:
691 2068 753 2150 cui,
771 2067 847 2132 belli
862 2067 988 2157 insigne
1005 2067 1192 2154 superbum,
1256 2065 1259 2069 ’
1313 2051 1319 2062 ’

267 2177 429 2262 Tempora
445 2175 553 2240 navali
570 2174 697 2260 fulgent
713 2181 852 2239 rostrata
868 2195 991 2240 corona.

228 2273 232 2282 ’
267 2281 354 2347 Hinc
371 2302 431 2366 cpe
446 2279 614 2345 barbarica
629 2279 789 2363 variisque
806 2277 971 2342 Antonius
986 2277 1095 2362 armis,
1264 2275 1332 2340 685

266 2385 381 2452 Victor
397 2387 438 2451 ab
455 2385 600 2450 Aurorae
616 2384 744 2470 populis
760 2391 793 2448 et
808 2383 903 2448 litore
919 2383 1025 2466 rubro,

267 2493 459 2578 Aegyptum
476 2490 622 2574 viresque
638 2488 780 2555 Orientis
797 2496 831 2552 et
847 2488 967 2552 ultima
983 2507 1094 2553 seeum

268 2598 390 2662 Bactra
404 2595 494 2660 vehit
506 2616 516 2678 ;
541 2595 860 2680 sequiturque-nefas
872 2599 879 2661 l
892 2633 907 2643 -
917 2593 1084 2682 Aegyptia
1099 2592 1231 2678 conjux,

267 2703 346 2768 Una
361 2723 473 2766 omnes
489 2721 591 2785 ruere,
608 2721 645 2765 ac
661 2706 773 2765 totum
789 2721 937 2785 spumare
953 2701 1094 2765 reductis

268 2807 470 2875 Oonvulsum
485 2805 583 2871 remis
598 2805 772 2890 rostrisque
789 2805 986 2870 tridentibus
998 2827 1124 2890 aequor.
1263 2807 1331 2870 690

266 2915 348 2979 Alta
364 2919 506 2998 pet-unt:
532 2911 647 2997 pelago
663 2912 773 2976 credas
788 2911 900 2975 innare
915 2911 1059 2975 revulsas

267 3020 436 3105 Cycladas,
454 3025 514 3083 aut
528 3024 655 3082 montes
671 3037 857 3082 concurrere
874 3017 1041 3081 montibus
1057 3016 1164 3084 altos:

268 3125 378 3188 Tanta
393 3123 477 3187 mole
492 3121 553 3186 viri
568 3121 695 3205 turritis
711 3120 877 3206 puppibus
892 3121 1028 3186 instant.

268 3229 416 3314 Stuppea
431 3227 564 3291 flamma
580 3247 683 3290 manu
699 3225 820 3310 telique
836 3225 968 3290 volatile
985 3225 1105 3290 ferrum

268 3333 462 3419 Spargitur;
487 3353 564 3396 arva
579 3351 663 3395 nova
681 3329 852 3415 Neptunia
868 3332 965 3395 caede
982 3331 1167 3396 rubescunt.
1265 3333 1332 3395 695

267 3439 396 3524 Regina
410 3437 445 3501 in
461 3435 576 3501 mediis
592 3436 699 3522 patrio
713 3443 809 3500 vocat
825 3435 956 3521 agmina
973 3435 1079 3519 sistro,

267 3543 419 3608 Necdum
434 3541 536 3606 etiam
551 3541 695 3627 geminos
711 3563 730 3604 a
746 3548 836 3626 tergo
854 3541 985 3626 respicit
1001 3562 1132 3627 angues.

269 3646 555 3732 Omnigenquue
571 3645 670 3710 deum
685 3653 830 3710 monstra
846 3653 880 3710 et
895 3645 1034 3710 latrator
1048 3645 1179 3710 Anubis

267 3752 390 3820 Contra
406 3750 603 3836 Neptunum
619 3759 652 3815 et
668 3749 831 3815 Venerem
846 3758 1025 3836 contraque
1041 3750 1225 3815 Minervam

267 3856 348 3922 'Pela
363 3862 488 3922 tenent.
536 3855 646 3921 Saevit
660 3856 767 3920 medio
782 3856 817 3919 in
832 3856 1008 3920 certamine
1026 3855 1156 3921 Mavors
1263 3850 1332 3919 700

267 3961 422 4027 Caelatus
438 3958 530 4042 ferro,
548 3959 720 4045 tristesque
737 3981 778 4024 ex
793 3961 923 4026 aethere
936 3960 1035 4026 Dirae
1050 3983 1058 4043 ;
