2838 4522
254 285 300 350 20
638 305 811 352 Aruernos
834 305 899 353 nm.
925 307 945 352 1.

145 547 148 556 ,
255 461 276 495 “
289 462 505 550 Virtutesque
521 464 669 550 virosque
684 473 744 531 aut
760 465 847 530 tanti
861 465 1010 530 incendia
1026 464 1103 529 belli
1117 467 1134 531 Ρ

255 566 276 598 “
290 566 366 632 Non
381 569 498 634 obtusa
513 570 593 634 adeo
608 577 775 655 gestamus
790 577 921 655 pectora
936 569 1046 651 Poeni,

255 672 276 704 “
288 671 362 738 Nec
375 681 447 738 tarn
462 695 592 740 aversus
604 697 703 761 equos
721 676 821 761 Tyria
838 675 893 742 Sol
904 674 1017 760 jungit
1030 675 1072 738 ab
1088 675 1176 740 urbe.

255 777 357 845 “Seu
373 801 428 844 vos
439 779 634 866 Hesperiam
648 800 805 866 magnam
823 779 1042 864 Saturniaque
1058 801 1147 868 arva,
1239 845 1242 850 ,

255 882 277 915 “
291 884 365 950 Sive
380 883 494 969 Erycis
509 885 589 950 fines
604 905 775 971 regemque
791 884 914 972 optatis
930 884 1085 968 Acesten,
1252 881 1318 949 570

255 987 422 1054 “Auxilio
438 996 528 1054 tutos
543 989 717 1068 dimittam,
723 989 904 1076 opibusque
916 989 1046 1074 juvabo.

255 1092 400 1160 “Vultis
416 1094 512 1160 ethis
527 1115 657 1160 mecum
674 1095 796 1181 pariter
810 1095 974 1160 considere
991 1093 1095 1178 regnis
1112 1113 1120 1159 ε

187 1211 191 1219 ’
255 1197 417 1266 “Urbem
433 1221 534 1286 quarn
550 1207 672 1285 statuo,
689 1209 796 1268 vestra
812 1208 881 1268 est:
908 1198 1080 1265 subducite
1096 1219 1195 1263 naves
1209 1219 1219 1280 ;

186 1301 190 1308 ’
256 1303 277 1336 “
290 1304 371 1371 Tros
387 1305 570 1392 Tyriusque
586 1305 669 1371 mihi
683 1307 775 1372 nullo
790 1298 976 1372 discrimine
992 1311 1115 1389 agetur.

200 1424 206 1436 ‘
255 1409 399 1496 “Atque
414 1411 544 1479 utinam
559 1433 616 1476 rex
630 1411 700 1498 ipse
717 1411 805 1478 Noto
821 1411 1008 1497 compulsus
1024 1409 1136 1474 eodem
1248 1401 1315 1472 575

200 1522 205 1532 “
256 1512 277 1546 “
290 1514 417 1582 Afforct
432 1515 562 1581 Aeneas
576 1521 584 1584 1
610 1515 775 1602 Equidem
792 1539 851 1603 per
865 1515 961 1580 litora
977 1521 1082 1579 certos

255 1619 276 1652 “
288 1619 469 1686 Dimittam
485 1628 518 1686 et
535 1621 659 1706 Libyae
675 1623 812 1688 lustrare
829 1629 976 1686 extrema
986 1619 1120 1706 jubebo,

255 1725 275 1757 ‘⁶
290 1725 325 1792 Si
340 1726 458 1812 quibus
474 1726 598 1812 ejectus
614 1728 703 1793 silvis
719 1736 778 1792 aut
794 1728 931 1793 urbibus
947 1727 1064 1792 errat.”
1155 1749 1164 1764 ·

254 1831 317 1896 His
332 1832 480 1897 animum
495 1828 614 1898 arrecti
628 1833 735 1918 dictis,
754 1841 788 1898 et
800 1833 892 1898 fortis
908 1832 1056 1897 Achates

254 1936 301 2001 Et
316 1945 410 2022 pater
425 1937 553 2002 Aeneas
564 1936 763 2024 jamdudum
780 1958 949 2024 erumpere
965 1936 1087 2001 nubem
1247 1933 1314 1999 580

255 2041 434 2108 Ardebant.
482 2043 575 2108 Prior
589 2042 726 2108 Aenean
743 2043 916 2130 compellat
933 2041 1098 2106 Achates:

256 2145 375 2212 “Nate
391 2128 462 2231 desi,
479 2167 563 2232 quse
578 2168 665 2213 nunc
681 2147 790 2212 animo
804 2146 966 2212 sententia
982 2144 1113 2230 surgit?

256 2248 409 2317 “Omnia
423 2259 500 2316 tuta
516 2251 615 2338 vides,
633 2253 770 2318 classem
786 2251 950 2335 sociosque
967 2255 1111 2333 receptos
1125 2267 1135 2330 ;

256 2355 386 2422 “Unus
401 2356 505 2440 abest,
521 2356 627 2422 medio
643 2356 679 2420 in
694 2356 801 2422 fluctu
816 2377 914 2441 quern
930 2355 1071 2420 vidimus
1087 2351 1151 2438 ipsi

256 2459 278 2492 “
291 2459 523 2543 Submersum3
547 2461 644 2526 dictis
660 2461 853 2546 respondent
868 2467 975 2525 cetera
991 2457 1148 2549 matris?¹
1190 2503 1195 2512 .
1251 2454 1317 2520 585

254 2563 323 2628 Vix
339 2565 480 2630 casatus
497 2572 578 2650 erat,
596 2587 700 2651 quum
716 2566 913 2632 circumfusa
928 2573 1082 2650 repente‘

255 2668 433 2735 Scindit'se
445 2670 549 2736 nubes
566 2679 600 2736 et
616 2671 651 2735 in
667 2671 800 2736 aethera
816 2679 937 2756 purgat
952 2676 1112 2755 apertum.

254 2776 391 2842 Restitit
407 2775 547 2862 Aeneas,
566 2779 716 2863 claraque
731 2778 766 2842 in
781 2779 854 2842 lnce
870 2777 1010 2858 refulsit,

256 2880 303 2947 Os
318 2881 529 2966 humerosque
545 2883 604 2948 deo
621 2883 754 2950 similis:
779 2903 922 2967 namque
938 2881 1011 2966 ipsa
1026 2881 1189 2944 decoram

254 2987 437 3054 ansariem
452 2995 531 3054 nato
547 2991 696 3075 genetrix
710 2991 887 3074 lumenque
899 2989 1056 3074 juventae
1249 2983 1317 3048 590

254 3093 463 3179 Purpureum
479 3100 514 3158 et
528 3095 632 3160 laetos
646 3095 749 3160 oculis
765 3093 892 3159 afflarat
908 3093 1057 3173 honores,

254 3199 356 3280 Quale
372 3221 490 3265 manus
506 3201 635 3268 addunt
652 3201 740 3267 ebori
756 3203 869 3284 decus,
886 3208 946 3264 aut
961 3198 1020 3264 ubi
1036 3198 1121 3262 flavo

253 3305 440 3391 Argentum
453 3306 609 3372 Pariusve
624 3306 709 3394 lapis
724 3305 949 3371 circumdatur
963 3325 1050 3370 auro.

254 3411 343 3476 Tum
358 3411 403 3477 sic
419 3397 566 3498 reginam
582 3413 773 3498 alloquitur,
791 3411 991 3496 cunctisque
1000 3416 1133 3494 repente

253 3516 453 3601 Improvisus
468 3517 538 3584 ait:
565 3517 724 3602 “Ocram,
742 3538 840 3603 quem
855 3514 1026 3600 quaeritis,
1045 3513 1175 3592 adsum,
1247 3512 1312 3575 595

254 3623 278 3654 “
294 3621 410 3687 Troius
427 3622 569 3705 Aeneas,
583 3623 714 3709 Libycis
730 3630 861 3708 ereptus
877 3623 920 3686 ab
939 3621 1044 3685 undis.

255 3727 280 3760 “
295 3726 323 3792 Ο
341 3727 407 3792 sola
423 3725 572 3793 infandos
590 3729 706 3814 Trojae
721 3728 875 3793 miserata
890 3727 1028 3807 labores,

254 3832 278 3864 “
294 3831 383 3912 Quae
399 3854 472 3915 nos,
489 3833 640 3924 reliquias
658 3834 827 3914 Danaum,
845 3841 1013 3916 terraeque
1029 3828 1192 3912 marisque

255 3937 279 3970 “
294 3936 455 4004 Omnibus
471 3938 646 4004 exhaustos
658 3939 729 4024 jam
745 3937 887 4019 casibus,
905 3935 1052 4002 omnium
1069 3952 1200 4018 egenos,
