2838 4522
255 244 300 312 34
624 259 796 308 anuarnos
818 261 884 308 rra.
909 261 945 308 11.

254 411 378 487 Reddit
394 443 509 507 equus,
525 421 668 506 laetique
684 442 762 485 cavo
778 441 811 486 se
833 421 942 486 robore
959 430 1114 507 promunt
1250 422 1318 488 260

256 526 482 592 Thessandrus
500 526 738 611 Sthenelusque
754 527 853 591 duces
868 533 902 591 et
918 526 1007 592 dirus
1024 526 1150 609 Ulixes,

258 633 447 699 Demissum
461 633 545 719 lapsi
560 654 617 719 per
631 633 755 717 sunem,
773 631 979 717 Acamasque
997 632 1179 717 Thoasque,
1264 639 1267 644 '

256 738 448 822 Pelidesque
465 737 710 823 Neoptolemus,
728 737 915 822 primusque
932 736 1104 821 Machaon,

254 841 300 908 Et
315 841 495 926 Menelaus,
513 849 547 906 et
563 840 634 927 ipse
649 841 716 906 doli
730 841 905 908 fabricator
920 841 1034 930 Epeos.

258 947 422 1012 [nvaduut
438 947 554 1012 urbem
577 968 690 1012 somno
705 946 844 1032 vinoque
860 948 1023 1033 sepultam
1036 969 1046 1033 ;
1248 951 1315 1018 265

254 1051 446 1118 (laeduntur
461 1051 585 1137 vigiles,
602 1051 768 1136 portisque
783 1051 978 1136 patentibus
993 1074 1103 1119 omnes

254 1155 433 1240 Accipiunt
450 1156 551 1223 socios
566 1163 667 1241 atque
684 1155 815 1242 agmina
831 1155 958 1221 conscia
969 1156 1123 1243 jungunt.

322 1259 468 1346 Tempus
483 1267 562 1345 erat,
579 1282 644 1345 quo
655 1259 762 1348 prima
777 1245 868 1346 quibs
884 1262 1074 1328 mortalibus
1089 1153 1195 1349 adluis

254 1363 388 1450 Incipit,
406 1372 439 1429 et
454 1365 538 1431 douo
553 1365 667 1430 divum
681 1365 867 1454 gratissima
883 1366 984 1451 serpit
1000 1388 1007 1433 :

254 1471 295 1535 In
312 1459 443 1572 11111111,
461 1488 546 1562 eope,
562 1477 639 1534 ante
655 1470 763 1558 oculos
779 1470 1016 1552 maestissimus
1029 1469 1156 1562 1111111
1247 1471 1314 1541 270

255 1575 356 1640 Visus
372 1571 483 1657 allesse
498 1574 590 1658 mihi,
607 1574 776 1660 largosque
793 1574 957 1640 effundere
970 1568 1088 1660 'fletus

255 1664 423 1783 Raptatus
438 1663 532 1770 bigis,
549 1688 589 1744 ut
604 1681 781 1764 quondam,
821 1688 932 1765 terque
948 1666 1082 1746 c¹rueuto

255 1787 403 1883 Pulvere,
420 1807 539 1871 perque
555 1786 653 1870 pedes
669 1785 784 1870 traject
786 1807 824 1850 us
771 1786 906 1850 tlora
922 1793 1053 1852 tument
1055 1808 1096 1853 es.

255 1891 320 1956 Hei
335 1872 416 1958 mihi
418 1891 549 1976 ,qualis
565 1895 657 1957 erat!
684 1898 847 1987 quantum
863 1897 973 1957 mutat
975 1913 1013 1956 us
959 1893 1070 1957 tab
1085 1892 1141 1973 illo

254 1987 411 2062 Hectore
394 2017 479 2082 ,qm
469 1995 574 2060 redit
590 1981 723 2065 exuvibs
738 1994 876 2083 indutus
891 1995 1023 2080 A'ehilli,
1248 1996 1313 2069 275

254 2100 318 2165 Vel
334 2100 490 2195 Danalum
506 2094 688 2186 PhrygiosJ
682 2072 843 2165 'aculatus
860 2101 1052 2219 puppibus
1042 2089 1154 2187 1gnesl

255 2207 357 2292 Squal
358 2202 470 2271 entem
484 2207 620 2271 barbam
636 2213 670 2270 et
686 2213 812 2270 conoret
810 2228 848 2270 os
863 2205 1031 2290 sanguine
1038 2206 1153 2304 crines,

256 2301 471 2397 Vulneraque
487 2311 544 2374 1111
560 2331 683 2407 gerens,
700 2331 799 2403 quae
799 2288 922 2374 bircum
935 2309 1076 2395 plurima
1090 2331 1242 2378 muros

257 2415 398 2502 Accepit
414 2415 546 2502 patrios.
594 2398 658 2520 1111
644 2424 693 2481 tro
709 2414 815 2506 flens
806 2436 874 2497 rpse
891 2415 1024 2500 videbar

261 2516 509 2607 Compellare
479 2541 584 2584 vnum
602 2526 636 2583 et
652 2527 756 2583 maest
758 2541 793 2584 as
810 2524 1003 2605 erqpromere
1012 2541 1124 2585 voces:
1247 2523 1312 2586 280

255 2624 276 2657 “
291 2625 319 2691 Ο
337 2625 397 2689 lux
414 2624 599 2689 Dardaniae
600 2645 696 2709 ,spes
713 2646 731 2689 o
746 2608 905 2690 fidissima
919 2625 1094 2709 Teucrum,

255 2729 383 2810 “Quae
399 2703 514 2844 1111111
530 2737 663 2794 tenuere
679 2731 817 2813 morae?
843 2729 961 2814 quibus
977 2729 1065 2794 Hect
1051 2737 1101 2795 tor
1115 2731 1157 2796 ab
1173 2732 1237 2796 oris

256 2837 493 2920 “Exspectate
509 2833 629 2900 venis?
654 2828 953 2934 111111111111111111
976 2842 1109 2900 tuorum

256 2941 277 2975 “
291 2941 425 3006 Funera
426 2948 523 3026 ,post
539 2939 643 3006 varios
658 2939 893 3024 hominumque
909 2936 1061 3025 urbisque
1076 2940 1199 3005 labores

256 3048 276 3080 “
291 3038 421 3112 Defessi
435 3040 657 3131 adspicimus.
651 3047 666 3096 ⁹
692 3067 777 3131 quae
793 3067 907 3110 caussa
921 3044 1057 3131 indigua
1073 3066 1199 3111 serenos
1248 3046 1310 3110 285

256 3152 451 3242 “Foedavit
463 3153 588 3238 vultus,
606 3160 667 3217 aut
683 3174 741 3218 cur
756 3152 834 3216 haee
851 3152 985 3218 vulnera
1000 3175 1094 3218 cerno
1111 3155 1149 3218 ?”

211 3301 215 3311 -
256 3259 318 3323 llle
334 3243 426 3340 nihil,
444 3277 503 3321 neo
516 3279 568 3320 me
584 3264 795 3342 quaerentem
811 3275 896 3320 vana
910 3264 1067 3341 moratur,

258 3365 322 3430 Sed
337 3362 478 3448 graviter
492 3361 636 3446 gemitus
652 3363 717 3427 imo
733 3363 774 3426 de
789 3368 920 3447 pectore
935 3363 1068 3446 ducens,

257 3469 277 3500 “
291 3468 369 3532 Heu
382 3468 470 3553 fuge,
488 3475 565 3532 nate
581 3469 651 3552 dea,
668 3459 767 3552 teque
783 3467 860 3533 his’'
876 3467 924 3533 ait
941 3464 1059 3554 “eripe
1075 3467 1224 3546 flammis.

257 3572 405 3637 “Hostis
421 3571 519 3638 habet
535 3593 664 3656 muros;
689 3564 761 3638 ruit
771 3573 840 3638 alta
855 3594 875 3637 a
890 3572 1034 3638 eulmine
1051 3571 1156 3657 Troja.
1248 3572 1309 3636 290

257 3676 276 3710 “
292 3678 351 3745 Sat
366 3661 491 3764 patriae
508 3678 702 3764 Priamoque
718 3680 844 3745 datum.
894 3679 929 3744 si
944 3677 1106 3763 Pergama
1121 3676 1238 3742 dextra

257 3784 277 3816 “
289 3783 430 3849 Defendi
446 3793 586 3870 possent,
605 3783 705 3850 etiarn
719 3782 781 3848 hae
797 3783 929 3848 defensa
944 3781 1090 3851 fuissent.

257 3888 278 3923 “
291 3889 389 3957 Sacra
405 3907 543 3972 suosque
559 3889 620 3952 tibi
636 3889 841 3953 commendat
859 3887 955 3973 Troja
972 3887 1135 3954 Penates:
