2898 4518
273 283 342 348 102
636 299 808 348 snunrnos
830 301 895 348 ms.
920 301 953 348 v,

269 459 429 544 Loricam,
446 481 548 546 quam
563 460 718 526 Demoleo
734 462 925 526 detraxerat
939 459 1010 544 ipse
1266 459 1330 524 260

268 563 383 630 Victor
397 567 487 650 apud
502 565 655 652 rapidum
673 565 844 632 Simodnta
861 565 922 630 sub
939 564 1002 628 Ilio
1017 563 1096 648 alto,

269 670 381 735 Donat
397 670 515 736 habere
529 670 607 754 viro,
623 671 723 736 decus
739 677 773 735 et
790 677 944 734 tutamen
960 669 995 734 in
1010 667 1117 734 armis.

268 774 338 839 Vix
353 775 445 840 illam
459 775 576 841 famuli
592 775 744 861 Phegeus
762 775 956 862 Sagarisque
972 773 1120 838 ferebant

268 878 499 964 Multiplicem,
517 881 651 946 connixi
662 880 827 962 humeris;
851 879 992 944 indutus
1009 886 1044 943 at
1060 877 1138 942 olim

267 983 440 1050 Demoleos
456 1006 557 1050 cursu
571 985 720 1071 palantes
738 984 838 1048 Troas
854 983 981 1069 agebat.
1265 983 1328 1047 265

268 1089 382 1154 Tertia
398 1090 483 1154 dona
499 1089 577 1156 facit
593 1089 739 1175 geminos
755 1111 796 1154 ex
811 1109 884 1153 aere
898 1088 1032 1172 lebetas,
1337 1083 1341 1094 ’

267 1193 470 1280 Oymbiaquc
486 1203 621 1281 argento
636 1195 779 1281 perfecta
793 1200 896 1279 atque
912 1215 1026 1279 aspera
1042 1193 1149 1279 signis.

265 1296 409 1382 Jamque
425 1299 505 1363 adeo
521 1299 635 1364 donati
650 1319 761 1364 omnes
776 1298 956 1384 opibusque
975 1297 1106 1383 superbi

266 1404 418 1470 Puniccis
435 1404 530 1470 ibant
546 1405 667 1472 evincti
682 1414 829 1491 tempora
844 1405 972 1489 taeniis,

267 1509 378 1590 Quum
395 1531 488 1575 saevo
505 1531 522 1575 e
538 1511 670 1597 scopulo
685 1512 793 1576 multa
808 1511 864 1576 vix
879 1518 949 1575 arte
965 1509 1125 1593 revulsus,
1264 1503 1330 1575 270

265 1613 405 1679 Amissis
421 1614 518 1680 remis
534 1622 635 1701 atque
650 1615 760 1681 ordine
776 1614 891 1680 dabilis
907 1635 984 1697 uno,

268 1717 400 1782 Irrisam
416 1718 484 1784 sine
499 1719 617 1786 honore
633 1725 739 1785 ratem
757 1719 927 1804 Sergestus
942 1717 1069 1804 agebat.

267 1821 380 1901 Qualis
396 1843 490 1908 saepe
505 1823 577 1888 viae
592 1823 768 1908 deprensus
783 1822 819 1886 in
833 1843 950 1908 aggere
966 1843 1107 1908 serpens,

266 1925 372 1990 Aerea
387 1948 487 2011 quem
503 1927 672 2013 obliquum
688 1934 758 1992 rota
774 1926 904 1992 transiit
920 1934 980 1992 aut
998 1926 1107 2012 gravis
1121 1926 1195 1992 ictu

266 2029 469 2096 Seminecem
485 2031 581 2116 liquit
599 2053 675 2097 saxo
690 2031 899 2117 lacerumque
916 2031 1031 2115 viator,
1262 2025 1328 2097 275

262 2134 497 2222 Nequidquam
512 2137 623 2222 longos
638 2136 767 2222 fugiens
782 2137 841 2202 dat
858 2157 988 2221 corpore
1003 2143 1122 2218 tortus,

265 2241 365 2307 Parte
381 2242 470 2307 ferox
485 2243 663 2326 ardensque
680 2241 781 2306 oculis
797 2249 831 2306 et
849 2241 944 2306 sibila
960 2239 1042 2305 colla

262 2345 396 2413 Arduus
409 2348 572 2432 attollens,
590 2369 665 2433 pars
681 2347 812 2412 vulnere
828 2347 946 2412 clauda
961 2352 1107 2411 retentat

262 2451 295 2518 N
298 2452 446 2518 inantem
462 2452 554 2518 nodis
570 2473 668 2538 seque
683 2452 719 2516 in
735 2474 794 2518 sua
809 2452 956 2518 membra
971 2451 1173 2537 plicantem:

263 2555 338 2621 Tali
353 2557 486 2642 remigio
503 2557 595 2623 navis
611 2578 645 2622 se
662 2558 756 2624 tarda
772 2558 937 2642 movebat,
1262 2557 1330 2620 280

262 2660 346 2726 Vela
362 2661 443 2727 facit
459 2669 571 2726 tamen
587 2670 621 2727 et
636 2662 717 2728 velis
733 2663 821 2728 subit
836 2663 920 2728 ostia
937 2662 1050 2748 plenis.

262 2767 450 2853 Sergestum
466 2766 595 2832 Aeneas
612 2767 769 2852 promisso
786 2789 919 2832 munere
935 2769 1047 2852 donet,

263 2872 435 2938 Servatam
450 2873 491 2937 ob
507 2893 623 2937 navem
638 2872 745 2938 laetus
761 2872 927 2958 sociosque
944 2873 1102 2939 reductos.

265 2976 334 3043 Olli
349 2998 441 3044 serva
457 2979 557 3042 detur
572 2999 707 3063 operum
722 2977 812 3044 haud
826 2978 940 3064 ignara
957 2978 1134 3064 Minervae,

260 3082 376 3148 Cressa
392 3105 506 3169 genus,
525 3082 660 3166 Pholoe,
677 3082 862 3168 geminique
878 3083 1053 3148 sububam
1069 3083 1150 3149 nati.
1259 3085 1327 3150 285

327 3187 399 3252 Hoc
417 3187 492 3273 pius
508 3186 639 3252 Aeneas
655 3187 753 3251 misso
768 3186 946 3252 certamine
963 3187 1072 3252 tendit

259 3291 475 3361 Graminsum
491 3292 526 3356 in
541 3311 707 3378 campum,
725 3311 823 3376 quem
838 3291 975 3358 collibus
990 3291 1136 3377 undique
1153 3291 1265 3357 curvis

260 3396 445 3481 (lingebant
462 3397 573 3481 silvae,
589 3395 761 3481 mediaque
777 3395 813 3460 in
827 3395 912 3460 valle
929 3395 1051 3460 theatri

259 3499 373 3569 Circus
389 3509 478 3567 erat:
505 3523 569 3586 qno
586 3523 619 3566 se
635 3500 752 3566 multis
767 3522 843 3566 cum
859 3501 1004 3566 millibus
1018 3500 1110 3566 heros

259 3604 421 3671 consessu
435 3605 581 3670 medium
596 3604 676 3670 tulit
693 3611 921 3688 exstmctoque
937 3603 1064 3670 resedit.
1256 3603 1327 3670 290
1402 3659 1403 3685 ,

259 3707 335 3793 Hic,
354 3730 411 3794 qur
426 3710 508 3774 forte
523 3695 755 3794 velint'rapido
771 3709 963 3774 contendere
979 3729 1087 3793 cursu,

258 3813 386 3879 Invitat
402 3812 516 3898 pretiis
533 3813 667 3896 animos,
685 3819 718 3877 et
734 3810 878 3898 praemia
893 3811 995 3898 ponit.

259 3916 416 4002 Undique
433 3916 631 3982 conveniunt
648 3916 765 3982 Teucri
781 3915 944 4002 mixtique
961 3916 1090 3984 Sicani:
