2898 4518
221 293 287 358 180
541 269 544 278 ¹
566 309 737 356 Aruernos
759 310 824 357 nm.
849 310 922 366 vru.

222 469 243 503 “
256 469 409 556 Corripit,
425 469 461 534 in
476 470 599 534 nodum
615 469 812 553 complexus,
830 475 863 533 et
880 469 973 553 angit
989 469 1159 534 inhaerens
1214 468 1283 534 260

222 574 359 639 “Elisos
375 574 483 638 oculos
499 581 532 638 et
549 573 672 638 siccum
688 573 845 658 sanguine
861 581 988 659 guttur.

223 676 418 742 “Panditur
433 678 597 762 extemplo
612 677 731 743 foribus
746 679 862 743 domus
878 685 949 742 atra
965 677 1114 762 revulsis,

224 781 244 814 “
258 780 519 866 Abstractaeque
534 782 632 846 boves
648 781 881 867 abjuratisque
898 781 1028 867 rapinae

224 887 246 920 “
257 887 354 953 Ooelo
369 888 595 969 ostenduntur,
612 887 813 972 pedibusque
828 887 964 952 informe
980 887 1116 952 cadaver

225 993 245 1026 “
259 992 479 1059 Protrahitur.
526 992 704 1076 Nequeunt
720 991 843 1077 expleri
857 992 952 1058 corda
968 991 1091 1056 tuendo
1214 991 1281 1056 265

169 1155 171 1160 .
225 1097 429 1162 “Terribiles
444 1097 563 1179 oculos,
581 1097 711 1161 vultum
727 1097 902 1182 villosaque
920 1096 998 1162 setis

224 1200 391 1266 “Pectora
408 1199 556 1283 semiferi,
574 1207 674 1284 atque
689 1201 867 1265 exstinctos
881 1199 1032 1265 faucibus
1046 1199 1145 1286 ignes.

224 1304 312 1369 “Ex
327 1305 382 1370 illo
398 1305 577 1370 celebratus
593 1304 704 1388 honos,
721 1305 864 1389 laetique
881 1305 1018 1370 minores

224 1410 244 1442 “
256 1410 427 1476 Servavere
442 1408 550 1490 diem;
576 1408 763 1494 primusque
780 1408 925 1473 Potitius
940 1415 1063 1492 auctor,

113 1551 118 1561 ·
224 1515 245 1546 “
257 1515 304 1579 Et
321 1515 437 1580 domus
453 1513 607 1579 Herculei
622 1521 730 1579 custos
747 1514 878 1579 Pinaria
894 1515 975 1580 sacri
1215 1514 1281 1582 270

224 1618 245 1651 “
258 1618 353 1684 Hanc
368 1641 457 1684 aram
473 1620 547 1704 luco
564 1619 693 1702 statuit,
710 1641 795 1704 quae
811 1619 958 1685 Maxima
974 1641 1099 1706 semper

224 1722 397 1787 “Dicetur
412 1722 513 1805 nobis,
532 1729 565 1786 et
581 1722 642 1786 erit
658 1744 741 1806 quae
758 1723 901 1788 maxima
917 1745 1049 1810 semper.

68 1847 72 1856 ·
172 1874 177 1881 -
225 1827 367 1908 “Quare
384 1827 483 1913 agite,
501 1825 676 1912 ojuveneS,
694 1836 863 1892 tantarum
879 1828 913 1892 in
929 1849 1061 1892 munere
1078 1828 1217 1892 laudum

225 1933 245 1965 “
260 1933 390 2018 Oingite
405 1931 518 1998 fronde
534 1955 641 1998 eomas
658 1939 691 1996 et
708 1934 825 2018 pocula
840 1933 966 2019 porgite
983 1933 1117 2017 dextris,

225 2038 246 2069 “
260 2038 537 2122 Communemque
548 2045 662 2102 vocate
679 2038 788 2121 deum,
801 2045 835 2102 et
851 2038 926 2102 date
939 2038 1015 2102 vina
1032 2038 1206 2104 volentes.”
1218 2039 1284 2104 275

225 2141 376 2224 Dixerat,
394 2141 555 2205 Herculea
570 2139 689 2206 bicolor
705 2162 808 2225 quum
824 2142 963 2226 populus
979 2142 1106 2206 umbra·

224 2244 421 2330 Velavitque
438 2267 546 2310 comas
561 2244 710 2329 foliisque
726 2245 846 2310 innexa
861 2247 1028 2331 pependit,

224 2350 270 2414 Et
287 2371 375 2414 sacer
390 2349 540 2435 implevit
555 2350 705 2414 dextram
722 2351 870 2435 scyphus.
918 2349 1016 2416 Ocius
1031 2372 1141 2416 omnes

224 2452 266 2516 In
281 2474 426 2518 mensam
442 2452 521 2517 laeti
536 2453 653 2537 libant,
671 2453 824 2538 divosque
841 2463 1023 2539 precantur.

292 2557 425 2622 Devexo
440 2558 564 2622 interea
580 2559 710 2643 propior
725 2559 764 2622 fit
781 2558 905 2643 Vesper
923 2558 1074 2645 Olympo,
1218 2559 1285 2622 280

224 2659 367 2745 Jamque
384 2662 565 2726 sacerdotes
581 2661 770 2746 primusque
788 2661 931 2726 Potitius
948 2662 1053 2746 ibant,

227 2765 371 2830 Pellibus
386 2765 422 2828 in
436 2786 558 2830 morem
574 2765 683 2848 cincti,
701 2766 914 2850 flammasque
930 2765 1085 2832 serebant.

226 2869 418 2934 Instaurant
435 2871 557 2954 epulas,
574 2877 608 2934 et
623 2891 753 2935 mensae
768 2878 862 2955 grata
878 2872 1037 2936 secundae

226 2974 321 3038 Dona
336 2974 455 3058 ferunt,
473 2975 707 3059 cumulantque
723 2975 863 3040 oneratis
877 2975 1026 3040 lancibus
1041 2997 1122 3042 aras.

226 3082 314 3146 Tum
331 3079 410 3148 Salii
427 3081 469 3144 ad
485 3088 601 3144 cantus
617 3080 746 3144 incensa
761 3081 879 3156 altaria
894 3080 1016 3145 circum
1218 3081 1285 3146 285

226 3184 380 3270 Populeis
396 3185 516 3248 adsunt
532 3184 652 3248 evincti
667 3192 814 3270 tempora
830 3184 938 3268 ramis,
1178 3170 1181 3174 ⁸

226 3289 290 3353 Hic
302 3288 460 3373 juvenum
476 3287 600 3370 chorus,
617 3288 671 3352 ille
687 3309 823 3354 senum:
850 3288 907 3373 qui
923 3290 1066 3354 carmine
1080 3289 1196 3354 laudes

227 3394 403 3458 Herculeas
418 3401 451 3457 et
466 3393 554 3458 facta
569 3393 695 3459 ferunt:
720 3399 759 3457 ut
775 3393 881 3478 prima
896 3416 1050 3459 novercae

227 3497 373 3561 Monstra
389 3518 491 3560 manu
506 3496 712 3581 geminosque
728 3517 877 3582 premens
893 3497 1013 3562 eliserit
1029 3517 1173 3581 angues3

229 3600 277 3665 Ut
294 3600 377 3664 bello
393 3599 537 3685 egregias
552 3599 639 3664 idem
654 3599 816 3684 disjecerit
831 3599 937 3684 urbes,
1220 3601 1286 3666 290

180 3771 182 3774 .
228 3702 423 3787 Trojamque
440 3702 700 3788 Oechaliamque,
718 3711 752 3768 et
767 3704 863 3768 duros
879 3703 968 3767 mille
984 3703 1109 3768 labores
1324 3689 1331 3702 ⁸

228 3797 316 3892 Rege
333 3805 393 3870 sub
409 3805 590 3888 Eurystheo
605 3806 682 3870 fatis
697 3807 839 3871 Junonis
854 3805 984 3892 iniquae

231 3910 417 3978 Pertulerit.
466 3909 519 3973 Tu
535 3910 722 3994 nubigenas,
739 3911 870 3996 invicte,
888 3911 1090 3994 bimembres,
