2898 4518
491 335 664 381 Aruernos
687 336 753 384 LIB.
779 335 811 384 V.

196 495 292 580 Post,
306 494 363 560 ubi
379 494 521 561 confecti
537 515 659 581 cursus,
676 504 710 560 et
726 497 811 561 dona
826 497 970 582 peregit:

125 598 146 630 “
160 599 196 663 N
198 621 276 684 unc,
295 600 322 665 si
337 600 392 664 cui
406 599 513 664 virtus
529 600 723 686 animusque
738 600 774 665 in
789 609 917 686 pectore
932 623 1093 686 praesens,

123 703 266 768 “Adsit
283 711 317 768 et
332 704 470 768 evinctis
486 705 620 769 attollat
635 705 769 770 brachia
785 704 934 790 palmis.''

120 809 176 874 Sic
198 809 257 892 ait,
275 817 309 873 et
325 809 494 894 geminum
510 829 639 893 pugnae
655 809 807 894 proponit
822 809 995 875 honorem:
1125 813 1195 878 365

122 913 260 979 Victori
275 913 423 978 velatum
438 934 516 978 auro
531 913 688 999 vittisque
700 913 880 999 juvencum
894 935 903 997 3

122 1017 255 1082 Ensem
270 1026 370 1104 atque
386 1017 549 1104 insignem
565 1019 694 1103 galeam
710 1018 825 1084 solatia
841 1019 937 1085 victo.

122 1124 199 1190 Nec
216 1147 307 1190 mora
321 1147 330 1209 ;
356 1125 511 1191 continuo
526 1126 628 1192 vastis
644 1149 720 1192 oum
737 1126 859 1192 viribus
875 1126 968 1192 effert

115 1229 193 1296 Ora
212 1231 316 1296 Dares
332 1253 517 1317 magnoque
533 1231 640 1296 virum
656 1253 689 1297 se
703 1251 871 1296 murmure
887 1232 987 1316 tollit,

124 1336 225 1401 Solus
242 1335 300 1420 qui
316 1336 469 1402 Paridem
485 1335 599 1402 solitus
614 1337 807 1401 contendere
824 1343 945 1421 eontra,
1126 1334 1192 1405 370

122 1440 287 1527 Idemque
303 1442 346 1506 ad
361 1441 539 1524 tumulum,
558 1462 622 1526 quo
637 1441 801 1506 maximus
817 1441 955 1506 occubat
972 1433 1106 1526 Hector,

122 1546 298 1611 Victorem
314 1545 426 1611 Buten
441 1545 578 1610 immani
593 1567 732 1631 corpore,
751 1545 807 1630 qui
823 1567 856 1611 se

124 1651 288 1736 Bebrycia
304 1651 435 1716 veniens
451 1649 573 1734 Amyci
589 1652 629 1715 de
645 1657 742 1735 gente
758 1651 894 1735 ferebat,

121 1755 273 1820 Perculit
291 1763 325 1820 et
339 1754 431 1819 fulva
445 1755 678 1820 moribundum
694 1756 843 1821 extendit
859 1777 965 1824 arena.

122 1861 217 1926 'Palis
233 1861 341 1946 prima
358 1861 460 1926 Dares
477 1869 578 1946 caput
595 1861 701 1925 altum
716 1861 751 1924 in
767 1861 887 1946 proelia
904 1861 1002 1946 tollit,
1122 1863 1187 1929 375

118 1964 344 2050 Ostenditque
359 1965 509 2030 humeros
524 1965 618 2048 latos,
636 1965 825 2050 alternaque
838 1965 944 2050 jactat

119 2070 263 2135 Brachia
279 2071 485 2156 protendens,
505 2077 539 2134 et
555 2071 702 2135 verberat
718 2069 837 2134 ictibus
853 2091 955 2135 auras.

120 2173 303 2255 Quaeritur
317 2173 394 2237 huie
409 2173 502 2258 alius,
519 2194 577 2238 nec
594 2172 770 2259 quisquam
786 2195 827 2237 ex
843 2173 973 2258 agmine
989 2181 1093 2258 tanto·

117 2277 235 2344 Audet
252 2278 339 2342 adire
356 2277 463 2341 virum
477 2277 692 2362 manibusque
709 2278 861 2342 inducere
877 2285 993 2343 cestus.

119 2384 210 2470 Ergo
225 2383 350 2465 alacris,
369 2390 568 2468 cunctosque
584 2393 706 2468 putans
723 2384 874 2448 excedere
890 2382 1010 2468 palma,
1040 2387 1043 2392 '
1118 2383 1187 2448 380

118 2489 256 2553 Aeneae
272 2487 365 2553 stetit
381 2495 457 2552 ante
474 2489 584 2573 pedes,
602 2481 661 2552 nee
673 2488 768 2573 plura
784 2495 950 2570 moratus3

118 2594 209 2658 Tum
224 2595 318 2658 laeva
332 2600 467 2658 taurum
483 2615 584 2657 cornu
600 2601 701 2678 tenet,
719 2601 819 2678 atque
834 2593 883 2658 ita
897 2593 1005 2660 fatur:

119 2696 247 2761 “Nate
263 2697 333 2780 dea,
352 2697 484 2761 sinemo
499 2696 601 2761 audet
618 2717 652 2760 se
668 2697 795 2762 credere
812 2717 951 2783 pugnae,

117 2801 247 2883 “Quae
263 2802 337 2866 finis
354 2801 490 2867 standi?
517 2821 580 2886 quo
596 2823 648 2865 me
663 2802 755 2866 decet
772 2823 874 2887 usque
891 2802 1022 2868 teneri?

117 2910 285 2976 “Ducere
301 2911 385 2976 dona
398 2911 507 2995 jube.''
555 2910 677 2976 Cuncti
693 2910 791 2975 simul
806 2933 858 2976 ore
873 2911 1056 2978 fremebant
1117 2914 1183 2980 385

118 3015 341 3099 Dardanidae,
359 3015 513 3100 reddique
529 3014 596 3080 viro
612 3015 767 3100 promissa
779 3015 951 3100 jubebant.

115 3120 184 3185 Hie
201 3121 309 3206 gravis
325 3121 498 3185 Entellum
513 3119 610 3186 dietis
627 3121 766 3207 castigat
784 3122 932 3207 Acestes,

115 3223 294 3290 Proximus
310 3232 349 3289 ut
364 3224 526 3289 viridante
543 3233 612 3289 toro
629 3227 817 3290 consederat
833 3226 952 3290 herbae
966 3247 974 3291 :
1068 3255 1073 3262 ·

115 3328 138 3361 “
153 3329 301 3413 Entello,
317 3329 452 3393 heroum
469 3331 634 3414 quondam
649 3329 824 3394 fortissime
839 3329 970 3413 frustra,

115 3432 139 3466 “
155 3433 308 3498 Tantane
325 3441 395 3497 tam
411 3433 540 3519 patiens
555 3435 645 3499 nullo
661 3433 837 3498 certamine
854 3433 925 3497 tolli
1115 3437 1182 3502 390

114 3537 136 3571 “
152 3538 249 3603 Dona
266 3538 381 3604 sines?
430 3538 501 3603 Ubi
516 3560 603 3602 nunc
619 3538 711 3603 nobis
728 3539 808 3602 deus
823 3537 878 3602 ille
894 3538 1058 3624 magister,

114 3642 385 3729 “Nequidquam
401 3650 600 3707 memoratus
616 3643 735 3726 Eryx?
761 3642 819 3705 ubi
833 3643 922 3707 fama
938 3665 995 3728 per
1011 3665 1141 3709 ornnem

113 3747 134 3781 “
150 3747 364 3831 Trinacriam,
382 3755 416 3810 ct
433 3745 536 3831 spolia
551 3746 610 3810 1115
627 3746 692 3810 tuis
708 3745 884 3830 pendentia
901 3747 997 3812 tectis
1008 3749 1047 3814 ?”

111 3852 174 3919 Ille
189 3853 253 3918 sub
268 3851 369 3917 haee:
398 3849 508 3913 “Non
524 3849 629 3914 laudis
646 3873 746 3933 amor,
765 3871 822 3915 nec
839 3851 939 3936 gloria
956 3851 1051 3915 cessit

112 3956 254 4024 “Pulsa
270 3962 362 4018 metu
376 3975 385 4037 ;
411 3953 468 4018 sed
484 3951 571 4016 enirn
586 3953 711 4039 gelidus
726 3954 880 4018 tardante
897 3961 1027 4018 senecta
1111 3955 1177 4020 395

314 4055 351 4114 511
