2838 4522
226 465 333 532 “Has
349 474 463 532 autem
478 473 583 532 terras
600 467 744 552 italique
759 467 843 532 hanc
859 467 962 533 litoris
978 486 1077 551 oram,

226 569 248 602 “
260 570 414 636 Proxima
429 580 512 655 quae
528 571 631 636 nostri
646 570 856 655 perfunditur
871 571 1018 656 aequoris
1034 578 1139 655 aestu,

226 674 248 707 “
260 673 398 760 Effuge:
424 683 543 740 cuncta
560 675 655 740 malis
672 676 866 741 habitantur
882 677 1008 741 moenia
1025 676 1142 742 Graiis.

226 779 323 845 “Hic
341 788 375 844 et
391 779 524 864 Narycii
540 787 719 864 posuerunt
735 780 862 845 moenia
878 779 983 864 Locri,

225 882 304 948 “Et
322 883 518 950 Sallentinos
533 883 659 948 obsedit
674 883 779 948 milite
796 905 928 970 campos
1221 881 1290 948 400

225 987 394 1072 “Lyctius
411 988 624 1070 Idomeneus;
649 988 699 1053 hic
716 989 773 1054 illa
789 989 880 1054 ducis
897 989 1048 1055 Meliboei

226 1091 367 1158 “Parva
383 1093 586 1158 Philoctetae
604 1094 744 1158 subnixa
760 1094 887 1158 Petelia
902 1115 1004 1160 muro.
1064 1168 1066 1172 y
1414 1128 1416 1223 y

225 1196 349 1278 “Quin
366 1197 425 1262 ubi
440 1197 648 1262 transmissae
666 1196 817 1262 steterint
833 1206 924 1263 trans
940 1220 1080 1283 aequora
1096 1198 1224 1284 classes,

225 1302 306 1366 “Et
323 1302 436 1387 positis
451 1303 514 1368 aris
526 1301 597 1387 jam
613 1309 689 1367 vota
705 1302 847 1367 inlitora
864 1303 986 1385 solves3

225 1407 428 1492 “Purpureo
443 1408 548 1472 velare
565 1428 672 1472 comas
688 1407 863 1493 adopertus
879 1407 1014 1492 amictu,
1219 1404 1287 1472 405

226 1512 248 1546 ‘⁶
262 1513 314 1577 Ne
330 1533 396 1597 qua
411 1513 496 1577 inter
511 1519 640 1578 sanctos
655 1512 746 1598 ignes
762 1511 797 1576 in
812 1512 931 1577 honore
948 1513 1082 1578 deorum

224 1617 245 1650 “
260 1617 399 1681 Hostilis
414 1617 512 1682 facies
528 1623 675 1682 occurrat
691 1622 724 1680 et
742 1616 850 1680 omina
866 1616 992 1682 turbet:

225 1721 245 1753 “
258 1721 357 1786 Hunc
374 1720 450 1786 socii
465 1742 587 1786 morem
603 1741 777 1804 sacrorum,
793 1720 881 1785 huno
895 1720 964 1806 ipse
980 1728 1092 1786 teneto
1107 1741 1115 1803 ;

224 1825 245 1860 “
257 1826 329 1890 Hac
345 1826 427 1890 casti
442 1832 598 1890 maneant
613 1825 649 1889 in
664 1825 816 1910 religione
832 1833 976 1910 nepotes.

224 1930 321 1995 “Ast
337 1931 395 1994 ubi
410 1930 590 2015 digressum
608 1929 737 1995 Siculae
754 1937 787 1993 te
803 1929 982 1994 admoverit
1000 1951 1073 1994 orae
1220 1931 1285 1994 410

224 2035 247 2067 “
258 2035 398 2118 Ventus,
416 2043 450 2098 et
466 2033 600 2120 angusti
615 2041 777 2099 rarescent
793 2034 937 2098 claustra
954 2034 1063 2098 Pelori
1072 2054 1081 2116 ;

225 2138 366 2204 “Laeva
382 2138 442 2203 tibi
457 2139 556 2202 tellus
573 2145 607 2202 et
623 2139 719 2223 longo
734 2139 828 2202 laeva
844 2145 1003 2223 petantur

227 289 270 356 62
599 305 769 355 cremnos
791 305 856 357 ara
880 276 938 356 111.'

1417 899 1418 968 l

225 2243 412 2328 “Aequora
428 2243 577 2326 circuitu,
595 2243 749 2308 dextrum
764 2243 840 2328 fuge
855 2243 936 2308 litus
951 2250 984 2308 et
1002 2243 1116 2310 undas.

224 2347 248 2380 “
262 2346 353 2411 Haeo
368 2347 438 2410 loca
453 2346 486 2410 vi
501 2345 664 2430 quondam
681 2354 715 2410 et
732 2355 827 2410 vasta
843 2347 996 2411 convulsa
1012 2346 1123 2411 ruina-

224 2450 244 2482 “
258 2451 406 2514 Tantum
420 2448 492 2513 aevi
507 2448 686 2534 longinqua
701 2449 790 2513 valet
805 2449 933 2514 mutare
948 2455 1112 2514 vetustas·
1219 2449 1285 2518 415

224 2554 244 2586 “
260 2553 444 2618 Dissiluisse
466 2551 587 2636 ferunt,
616 2574 718 2637 quum
735 2562 888 2639 protenus
903 2563 1042 2638 utraque
1059 2554 1159 2620 tellus

224 2657 335 2723 “Una
350 2657 433 2722 foret
447 2677 456 2739 ;
481 2657 571 2722 venit
587 2657 694 2722 medio
709 2657 743 2721 vi
758 2666 889 2742 pontus,
905 2666 938 2722 et
954 2658 1052 2723 undis

203 2785 205 2790 ·
225 2761 456 2847 “Hesperium
474 2761 581 2828 Siculo
596 2763 685 2826 latus
701 2761 851 2846 abscidit,
868 2783 1015 2847 arvaque
1027 2771 1061 2827 et
1077 2764 1179 2828 urbes

224 2867 369 2932 “Litore
384 2867 536 2931 diductas
552 2875 692 2952 angusto
708 2867 859 2931 interluit
876 2875 979 2932 aestu.

129 3007 131 3010 ·
224 2971 244 3004 “
257 2972 420 3036 Dextrum
439 2971 546 3055 Scylla
560 2971 658 3054 latus,
674 2971 804 3035 laevum
819 2972 999 3056 implacata
1016 2971 1200 3056 Charybdis
1216 2973 1282 3038 420

225 3077 244 3108 “
257 3075 402 3159 Obsidet,
419 3083 521 3160 atque
537 3075 602 3140 imo
617 3075 764 3141 barathri
781 3083 830 3140 ter
845 3077 973 3162 gurgite
989 3085 1097 3143 vastos

224 3182 244 3214 “
259 3183 372 3248 Sorbet
388 3181 423 3246 in
438 3181 618 3265 abruptum
632 3180 764 3265 fluctus,
783 3203 959 3266 rursusque
975 3184 1036 3247 sub
1052 3203 1149 3248 auras

225 3286 365 3372 “Erigit
380 3287 521 3350 alternos
538 3292 572 3349 et
588 3285 692 3350 sidera
707 3287 856 3350 verberat
874 3286 971 3354 unda.
1100 3353 1107 3364 ,

224 3393 306 3458 “At
325 3393 468 3476 Scyllam
484 3391 588 3457 caecis
604 3391 733 3457 cohibet
748 3393 903 3478 spelunca
919 3393 1067 3474 latebris,

224 3498 245 3531 ‘⁴
259 3497 325 3564 Ora
340 3505 560 3562 exsertantem
575 3505 609 3562 et
625 3518 724 3561 naves
738 3496 774 3560 in
789 3518 869 3562 saxa
887 3497 1095 3564 trahentem:
1221 3499 1285 3566 425

225 3602 371 3667 “Prima
386 3599 525 3668 hor‘ninis
541 3602 639 3668 facies
655 3609 689 3666 et
706 3601 841 3686 pulchro
858 3611 985 3687 pectore
1002 3604 1092 3689 virgo

225 3709 353 3774 “Pube
368 3717 466 3784 tenus
481 3728 490 3790 ;
514 3715 678 3792 postrema
694 3708 833 3772 immani
848 3729 976 3794 corpore
994 3709 1122 3794 pistrix,

226 3814 465 3901 “Delphinum
480 3815 600 3878 caudas
615 3820 708 3879 utero
724 3814 897 3880 commissa
912 3815 1076 3900 luporum.

225 3919 415 3984 “Praestat
432 3915 591 3982 Trinacrii
607 3923 712 3982 metas
727 3917 866 3982 lustrare
884 3919 1033 4004 Pachyni
