2898 4518
482 345 741 394 erumnosus.
767 345 811 393 v1.
1115 325 1180 390 123

102 479 134 538 “‘
149 503 268 570 Natus
284 511 318 570 et
334 504 403 590 ipse
419 505 505 588 dea;
530 526 590 570 nec
607 505 741 571 Teucris
758 505 873 570 addita
888 504 979 569 duno
1094 547 1103 562 s
1138 503 1181 570 90

113 610 134 641 “
149 609 309 696 Usquam
324 610 438 694 aberit,
456 631 560 694 quum
576 617 615 675 tu
634 609 773 696 supplex
788 610 823 674 in
840 610 935 674 rebus
952 609 1060 695 egenis
1177 643 1191 668 ο

114 714 135 746 “
150 715 245 795 Quas
261 722 374 799 gentes
389 713 516 778 Italum
531 721 590 778 aut
606 735 688 798 quas
704 735 770 780 non
785 715 923 779 oraveris
939 715 1052 783 urbest

15 821 20 832 “
115 819 136 851 “
152 818 266 885 (lausa
282 818 362 883 mali
377 818 466 883 tanti
481 817 600 903 conjux
614 819 737 883 iterum
751 819 882 904 hospita
900 819 1047 904 Teucris,

115 924 137 957 “
150 922 359 1008 Extermque
374 923 496 988 iterum
512 923 659 990 thalami.

116 1028 137 1061 “
153 1028 212 1092 Tu
227 1049 269 1092 ne
286 1027 363 1092 cede
377 1028 482 1113 malis,
500 1029 555 1093 sed
572 1035 687 1094 contra
702 1028 875 1094 audentior
889 1029 949 1112 ito,
1139 1031 1181 1095 95

116 1132 139 1165 “
154 1133 268 1214 Quam
283 1138 343 1196 tua
358 1137 395 1195 te
408 1131 557 1196 Fortuna
573 1131 668 1198 sinet.
715 1132 782 1198 Via
797 1133 902 1218 prima
918 1132 1047 1217 salutis,

118 1235 140 1270 “
155 1237 254 1317 Quod
268 1235 403 1308 minime
419 1235 506 1320 reris,
524 1235 626 1302 Graia
641 1236 806 1322 pandetur
821 1236 864 1302 ab
880 1236 990 1303 urbe.'’

118 1340 261 1405 Talibus
277 1360 319 1404 ex
334 1340 433 1424 adyto
448 1340 546 1406 dictis
556 1340 709 1406 Cumaea
726 1341 850 1426 Sibylla

119 1447 311 1512 Horrendus
327 1445 417 1512 canit
433 1447 595 1532 ambages,
612 1453 770 1531 antroque
786 1448 938 1534 remugit,

121 1553 283 1620 Obscuris
299 1573 375 1616 vera
390 1551 577 1620 involvens:
603 1574 641 1617 ea
655 1553 746 1618 frena
760 1553 884 1620 furenti
1120 1553 1185 1616 100

121 1657 284 1724 Concutit
301 1664 335 1721 et
351 1657 501 1722 stimulos
518 1657 579 1722 sub
595 1665 724 1743 pectore
741 1660 840 1724 vertit
856 1659 984 1745 Apollo.

121 1762 175 1828 Ut
193 1761 336 1847 primum
351 1761 447 1826 cessit
461 1761 550 1826 furor
565 1769 599 1826 et
615 1762 729 1828 rabida
744 1785 798 1828 ora
815 1764 988 1850 quierunt;

121 1865 251 1951 Incipit
267 1864 396 1929 Aeneas
411 1865 524 1931 heros:
552 1864 573 1897 “
586 1864 661 1930 Non
677 1867 746 1932 ulla
760 1867 918 1951 laborum,

123 1973 144 2006 “
161 1970 192 2038 O
211 1971 312 2056 virgo,
326 1992 409 2034 nova
424 1976 469 2034 ml
482 1970 581 2035 facies
596 1957 767 2056 inopinave
784 1971 907 2057 surgit:

123 2079 145 2111 “
161 2075 284 2143 Omnia
298 2075 449 2162 praecepi
463 2083 564 2161 atque
579 2077 689 2142 animo
705 2099 834 2142 mecum
849 2084 926 2142 ante
942 2075 1063 2162 peregi.
1123 2076 1188 2142 105

125 2182 147 2216 “
162 2181 282 2246 Unum
297 2201 369 2276 oro:
395 2180 525 2265 quando
541 2180 593 2245 hic
609 2179 727 2245 inferni
739 2179 843 2266 janua
858 2179 943 2265 regis

126 2287 148 2319 “
165 2284 298 2350 Dicitur
312 2292 346 2350 et
361 2285 531 2353 tenebrosa
546 2285 641 2370 palus
656 2284 843 2351 Acheronte
859 2284 986 2367 refus0;

128 2393 150 2426 “
162 2392 217 2457 Ire
233 2392 276 2456 ad
291 2398 501 2478 conspectum
516 2391 582 2456 cari
597 2391 750 2476 genitoris
765 2398 799 2457 et
815 2413 870 2457 ora

128 2495 347 2582 “Contingat
362 2517 369 2563 :
394 2497 510 2562 doceas
524 2497 597 2581 iter,
615 2505 649 2562 et
665 2497 855 2562 sacra‘ostia
870 2498 1003 2584 pandas.

129 2601 271 2666 “Illum
287 2623 344 2686 ego
359 2623 416 2686 per
431 2600 580 2666 flammas
596 2609 631 2665 11
645 2601 735 2666 mille
751 2602 922 2686 sequentia
936 2603 1003 2668 tela
1126 2601 1190 2665 110

130 2707 152 2740 “
165 2705 285 2791 Eripui
299 2705 350 2770 his
365 2706 522 2790 humeris,
539 2706 711 2791 medioque
727 2728 769 2772 ex
784 2707 876 2772 hoste
892 2709 1018 2794 recepI;

131 2813 152 2845 “
166 2812 240 2896 Ille,
256 2832 367 2876 meum
383 2811 560 2876 comitatus
574 2812 647 2894 iter,
665 2811 769 2876 maria
785 2813 893 2878 omnia
908 2834 1036 2878 mecum

132 2917 282 3002 “Atque
297 2937 408 2981 omnes
423 2916 594 3002 pelagique
610 2916 715 2982 minas
731 2917 875 3002 coelique
890 2917 1024 3002 ferebat,

131 3023 153 3056 “
168 3021 350 3105 Invalidus‚
367 3020 450 3086 vires
464 3021 553 3086 ultra
569 3028 751 3105 sortemque
768 3030 915 3086 senectae
931 3043 939 3103 ;

131 3127 153 3160 “
167 3125 266 3210 Quin,
283 3133 322 3190 ut
337 3134 371 3191 te
387 3126 526 3211 supplex
540 3134 685 3212 peterem
700 3133 733 3190 et
749 3133 809 3190 tua
825 3126 940 3192 limina
956 3127 1091 3210 adirem,
1129 3128 1193 3193 115

132 3231 265 3296 “Idem
280 3252 374 3296 orans
390 3231 548 3296 mandata
562 3230 671 3296 dabat.
719 3229 888 3315 Gnatique
904 3229 1082 3314 patrisque,

133 3339 159 3372 ‘⁶
173 3336 286 3420 Alma,
302 3357 424 3421 precor,
441 3335 624 3401 miserere-z
649 3341 742 3420 potes
757 3355 900 3419 namque
916 3334 1035 3419 omnia,
1053 3355 1112 3400 nec
1129 3341 1164 3400 11

132 3441 402 3526 “Nequidquam
416 3440 499 3505 lucis
516 3439 642 3505 Hecate
656 3439 812 3526 praefecit
828 3438 1004 3506 Auernis-2

133 3548 156 3580 “
171 3547 206 3613 Si
223 3545 332 3632 potuit
348 3545 464 3610 Manes
478 3566 635 3610 arcessere
651 3544 797 3630 conjugis
815 3543 976 3630 Orpheus,

134 3653 157 3686 “
172 3651 324 3716 Threicia
338 3651 441 3716 fretus
456 3650 583 3716 cithara
598 3650 782 3733 fidibusque
799 3649 923 3715 canoris
937 3671 946 3732 ;
1130 3652 1197 3716 120

135 3761 156 3792 “
172 3758 208 3824 Si
223 3757 358 3822 fratrem
373 3757 494 3821 Pollux
510 3757 636 3821 alterna
652 3762 756 3820 morte
772 3755 918 3838 redemit,

135 3863 269 3948 “Itque
284 3861 434 3946 reditque
449 3861 538 3926 viam
553 3861 659 3927 toties.
708 3860 794 3941 Quid
811 3860 937 3927 Thesea
952 3883 1122 3948 magnum,

135 3965 261 4048 “Quid
277 3985 452 4030 memorem
468 3963 633 4031 Alciden?
659 3965 706 4030 Ilt
718 3970 763 4028 ml
777 3987 878 4050 genus
890 3967 932 4030 ab
944 3965 968 4030 J
970 3987 1028 4031 ove
1041 3965 1200 4030 summo.’'
