2944 4522
255 333 321 399 238
626 347 799 396 susurros
821 349 887 398 mo.
911 347 944 398 x.

256 509 359 596 Misit,
376 529 475 596 agens
490 509 633 575 hiemem
648 509 761 574 nimbo
778 508 944 574 succincta
959 530 1017 594 per
1031 531 1137 594 auras,

239 607 456 702 ‘Iliacamque
472 609 575 682 aciem
591 623 624 681 et
640 614 821 681 Laurentia
837 623 943 680 castra
957 615 1084 700 petivit.
1148 699 1149 704 ἵ
1251 619 1319 685 635

256 721 344 786 Tum
360 723 423 809 dea
436 723 522 787 nube
539 743 619 786 cava
634 729 770 786 tenuem
787 721 855 786 sine
871 720 992 786 viribus
1008 723 1162 788 umbram

255 828 297 892 In
311 827 430 892 faciem
445 826 680 892 Aeneae-visu
695 826 843 891 mirabile
858 835 1059 892 monstrum-

256 931 431 998 Dardaniis
447 939 541 997 ornat
556 931 640 1015 telis,
658 931 865 1017 clipeumque
876 930 1039 1017 jubasque

257 1035 371 1102 Divini
386 1038 558 1104 assimulat
575 1037 702 1123 capitis,
719 1029 778 1102 dat
794 1037 905 1101 inania
920 1037 1028 1120 verba,

257 1142 325 1208 Dat
342 1143 410 1209 sine
426 1151 537 1209 mente
554 1165 681 1227 sonum,
698 1162 889 1228 gressusque
904 1141 1033 1226 effingit
1048 1143 1176 1212 euntis:
1251 1145 1318 1212 640

256 1247 365 1322 Morte
383 1249 473 1314 obita
489 1249 602 1334 quales
614 1249 704 1314 fama
719 1255 769 1312 est
784 1248 921 1314 volitare
936 1248 1067 1335 figuras,

258 1353 331 1420 Aut
348 1375 431 1439 quae
448 1355 567 1441 sopitos
583 1355 743 1420 deludunt
761 1354 885 1420 somnia
901 1375 1022 1421 sensus.

259 1461 308 1526 At
323 1460 445 1546 primas
459 1461 548 1526 laeta
563 1467 642 1524 ante
658 1460 742 1525 acies
758 1460 903 1526 exsultat
920 1459 1040 1546 imago,

256 1553 434 1649 Irritatque
449 1564 556 1630 virum
571 1563 695 1629 teliset
711 1585 788 1629 voce
803 1564 943 1630 lacessit.

256 1669 366 1733 instat
382 1653 437 1734 cui
451 1667 592 1751 Turnus,
611 1668 869 1753 stridentemque
885 1667 1010 1734 eminus
1025 1668 1158 1734 hastam
1248 1668 1316 1738 645

257 1773 418 1859 Oonjicit;
442 1773 499 1838 illa
515 1774 592 1838 dato
607 1773 709 1838 vertit
724 1773 863 1859 vestigia
878 1781 979 1860 terge.

257 1879 345 1942 Tum
361 1899 435 1944 vero
451 1876 590 1942 Aenean
604 1899 756 1944 aversum
773 1886 812 1942 ut
829 1879 940 1943 cedere
957 1877 1090 1944 Turnus

257 1983 413 2068 Credidit,
426 1992 526 2069 atque
542 1984 651 2049 animo
667 2005 759 2070 spem
774 1983 925 2050 turbidus
939 1982 1051 2048 hausit
1066 1983 1219 2052 inanem:

256 2087 362 2170 “Quo
379 2089 475 2174 fugis,
492 2087 636 2154 Aenea?
663 2087 840 2154 Thalamos
856 2110 897 2153 ne
913 2089 1022 2153 desere
1038 2093 1172 2174 pactos!

257 2193 277 2227 “
292 2194 364 2260 Hac
381 2194 514 2260 dabitur
529 2194 646 2260 dextra
663 2195 763 2259 tellus
779 2193 928 2279 quaesita
942 2217 999 2280 per
1014 2195 1151 2262 undas.’'
1251 2195 1318 2262 650

256 2299 351 2364 Talia
366 2300 543 2366 vociferans
560 2299 717 2386 sequitur,
735 2300 952 2385 strictumque
968 2309 1115 2370 coruscet

256 2405 456 2489 Mucronem,
474 2426 533 2470 neo
548 2405 628 2470 ferre
642 2405 733 2471 videt
750 2427 808 2470 sua
823 2407 944 2491 gaudia
959 2414 1081 2473 ventos.

255 2510 353 2574 Forte
369 2511 448 2575 ratis
464 2511 542 2576 celsi
557 2510 732 2596 conjuncta
747 2511 910 2597 crepidine
927 2511 998 2576 saxi
1180 2495 1184 2504 ¹

255 2615 422 2701 Expositis
438 2617 548 2682 stabat
565 2616 659 2682 scalis
674 2625 708 2682 et
724 2625 823 2702 ponte
838 2625 964 2703 parato,

256 2721 329 2801 Qua
345 2743 400 2785 rex
418 2721 560 2787 Clusinis
575 2723 731 2787 advectus
750 2721 882 2788 Osinius
898 2724 979 2792 oris:

255 2826 330 2891 Huc
347 2847 415 2892 sese
431 2827 560 2912 trepida
578 2827 706 2892 Aeneae
721 2827 878 2912 fugientis
895 2828 1004 2915 imago
1019 2833 1023 2842 '

256 2931 396 3016 Oonjicit
411 2933 446 2997 in
461 2933 603 2998 latebras
616 2954 625 3016 ;
650 2955 709 2998 nec
726 2934 859 3000 Turnus
875 2936 1002 3021 segnior
1016 2935 1131 3022 instat,

254 3037 505 3124 Exsuperatque
521 3059 627 3104 moras
642 3046 676 3104 et
691 3047 807 3124 pontes
823 3041 965 3104 transilit
981 3042 1074 3106 altos.
1177 3099 1185 3114 ‚

254 3143 323 3208 Vix
339 3165 468 3230 proram
483 3144 663 3229 attigerat:
688 3144 814 3230 rumpit
831 3145 987 3212 Saturnia
1001 3146 1125 3231 funem,

254 3248 480 3334 Avulsamque
496 3249 584 3334 rapit
599 3249 745 3314 revoluta
760 3272 818 3335 per
832 3271 970 3336 aequora
986 3273 1112 3318 navem.
1250 3255 1316 3321 660

256 3353 343 3417 Tum
358 3354 438 3420 levis
453 3354 542 3420 haud
557 3355 646 3419 ultra
661 3354 804 3420 latebras
816 3355 886 3440 jam
902 3357 1030 3441 quaerit
1046 3357 1164 3444 imago,

257 3457 320 3524 Sed
336 3458 475 3523 sublime
491 3460 603 3524 volans
618 3458 700 3525 nubi
715 3481 748 3524 se
764 3459 945 3526 immiscuit
960 3469 1060 3529 atrae.

255 3562 355 3626 Illum
371 3571 484 3628 autem
500 3563 628 3630 Aeneas
643 3565 813 3630 absentem
828 3565 863 3630 in
879 3567 1001 3651 proelia
1016 3567 1141 3653 poscit;

255 3666 359 3733 Obvia
374 3667 481 3733 multa
495 3668 603 3733 virtm
618 3669 766 3734 demittit
782 3691 914 3756 corpora
929 3673 1045 3739 morti:

255 3773 366 3854 Quum
382 3771 532 3837 Turnum
544 3773 649 3839 medio
665 3773 789 3839 interea
804 3774 867 3840 fert
884 3797 1021 3860 aequore
1037 3779 1141 3846 turbo.
1251 3781 1313 3848 665

255 3877 401 3963 Respicit
417 3879 549 3964 ignarus
565 3901 673 3944 rerum
688 3880 901 3966 ingratusque
918 3883 1044 3966 salutis,

255 3982 300 4048 Et
316 3983 462 4067 duplices
478 4005 554 4048 cum
569 4005 645 4050 voce
661 4007 778 4052 manus
794 3987 836 4052 ad
853 3987 956 4053 sidera
971 3988 1101 4057 tendit:
