2922 4516
235 281 302 346 300
417 309 422 320 ·
592 294 765 342 nurnmos
788 294 854 342 nm.
880 293 940 341 1111.

249 456 359 523 ‘Hinc
375 478 478 544 genus
493 455 640 522 Ausonio
650 456 800 520 'mixtum
815 453 902 538 quod
918 451 1076 538 sanguine
1092 461 1217 539 surget,

235 560 257 594 “
272 562 377 648 Supra
392 561 551 645 homines,
569 582 667 646 supra
682 560 727 624 ire
743 560 819 626 deos
834 557 958 644 pietate
973 556 1106 640 videbis,

235 665 256 697 “
267 665 336 731 Neo
352 687 431 752 gens
446 665 514 730 ulla
530 671 606 730 tuos
621 684 723 748 aeque
740 660 917 728 celebrabit
929 661 1095 736 bonores?
1231 661 1301 727 840

234 769 364 836 Adnuit
379 769 430 834 bis
444 768 546 853 duno,
563 775 597 833 et
613 759 758 831 mentem
772 766 896 830 laetata
911 764 1041 830 retorsit
1055 786 1064 847 ;

233 874 366 938 Interea
382 873 512 939 excedit
529 874 627 957 coele,
644 873 830 956 nubemque
846 869 1009 956 relinquit.

232 979 296 1044 His
312 979 395 1044 actis
411 979 502 1044 aliud
518 979 644 1065 genitor
660 998 771 1043 secum
785 977 854 1063 ipse
869 975 1012 1061 volutat,

233 1083 257 1149 J
258 1092 481 1170 utumamque
496 1091 590 1170 parat
605 1083 716 1148 fratris
731 1082 898 1148 dimittere
914 1083 956 1150 ab
971 1083 1078 1150 armis.

232 1187 398 1254 Dicuntur
412 1189 559 1274 geminae
575 1196 687 1274 pestes
699 1188 888 1274 cognomine
905 1187 1014 1272 Dirae,
1228 1188 1296 1256 845
1324 1205 1327 1208 “

232 1294 323 1374 Quas
339 1302 373 1360 et
390 1294 583 1360 Tartaream
599 1293 676 1377 Nox
690 1293 889 1379 intempesta
905 1293 1092 1379 Megaeram

232 1399 310 1464 Uno
323 1401 500 1485 eodemque
516 1399 595 1466 tulit
610 1405 720 1486 partu,
738 1397 937 1485 paribusque
952 1396 1093 1464 revinxit

231 1505 431 1590 Serpentum
447 1505 556 1592 spiris,
572 1512 787 1589 ventosasque
803 1504 930 1570 addidit
945 1504 1023 1570 alas.

229 1606 303 1672 Hae
319 1607 412 1674 lovis
427 1609 470 1674 ad
486 1608 602 1674 solium
618 1609 770 1693 saevique
785 1609 821 1672 in
835 1607 949 1672 limine
961 1607 1046 1693 regis

229 1711 414 1798 Apparent,
432 1721 621 1798 acuuntque
636 1721 764 1779 metum
780 1713 973 1779 mortalibus
988 1713 1102 1800 aegris,
1228 1714 1294 1780 850

232 1817 269 1884 si
287 1819 419 1902 quando
434 1819 541 1883 letum
556 1818 742 1884 horrificum
758 1819 949 1902 morbosque
965 1819 1064 1904 deum
1079 1839 1137 1884 rex

229 1921 377 2007 Molitur,
394 1923 528 1988 meritas
544 1921 604 1987 a'ut
619 1923 703 1988 bello
719 1923 848 1988 territat
863 1923 968 1989 urbes.

230 2025 360 2091 Harum
374 2048 477 2091 unam
492 2027 629 2092 celerem
644 2027 776 2092 demisit
791 2027 834 2092 ab
850 2028 981 2092 aethere
997 2047 1125 2094 summo

227 2130 372 2216 Jupiter,
389 2130 489 2216 inque
505 2153 602 2196 omen
617 2131 783 2196 lutumae
799 2152 962 2196 occurrere
973 2131 1081 2216 jussit.

227 2234 293 2300 Illa
309 2235 412 2318 volat,
430 2235 589 2320 celerique
605 2237 647 2301 ad
663 2244 784 2300 terram
799 2235 929 2300 turbine
944 2235 1065 2302 fertur:
1191 2265 1193 2271 ·
1224 2237 1292 2304 855

226 2339 304 2406 Non
320 2362 414 2406 secus
429 2362 467 2406 ao
483 2363 581 2407 nervo
598 2361 657 2426 per
671 2341 792 2404 nubem
807 2340 949 2426 impulsa
964 2340 1097 2426 sagitta,

227 2443 403 2510 Armatam
420 2447 508 2511 saevi
523 2447 668 2512 Parthus
684 2468 785 2531 quam
799 2445 880 2521 felle
890 2446 1014 2532 veneni,

225 2549 371 2616 Parthus
387 2551 454 2616 sive
473 2550 598 2636 Cydon,
615 2552 720 2616 telum
735 2551 983 2636 immedicabile,
1001 2551 1107 2636 torsit,

115 2679 117 2684 ·
227 2653 375 2720 Stridens
391 2661 424 2718 et
442 2655 561 2720 celeres
575 2655 744 2742 incognita
760 2655 902 2720 transilit
918 2655 1061 2722 umbras.

227 2756 316 2824 Talis
333 2779 366 2824 se
383 2766 456 2824 sata
471 2759 579 2825 Nocte
595 2759 686 2844 tulit,
705 2767 870 2844 terrasque
887 2759 1015 2845 petivit.
1221 2761 1288 2827 860

224 2861 408 2947 Postquam
423 2863 509 2930 acies
524 2864 613 2930 videt
628 2863 747 2930 Iliacas
762 2872 863 2950 atque
879 2863 1012 2950 agmina
1029 2863 1156 2946 Turni;

226 2967 327 3034 Alitis
342 2969 378 3033 in
393 2991 511 3054 parvae
526 2970 672 3036 subitam
687 2971 823 3036 collecta
838 2971 990 3056 figuram,

225 3073 317 3154 Quae
334 3075 501 3160 quondam
516 3075 551 3140 in
567 3076 673 3140 bustis
688 3083 749 3140 aut
764 3075 962 3140 culminibus
977 3074 1114 3140 desertis

224 3178 331 3244 Nocte
347 3181 461 3246 sedens
477 3201 585 3246 serum
601 3180 690 3245 canit
706 3179 895 3265 importuna
910 3201 968 3264 per
983 3180 1126 3263 umbras,

94 3328 96 3332 s
221 3283 317 3350 Hanc
333 3306 426 3351 versa
440 3285 476 3350 in
490 3285 609 3350 faciem
625 3285 730 3350 Turni
746 3307 779 3350 se
795 3285 897 3371 pestis
914 3285 955 3350 ob
971 3306 1027 3350 ora
1219 3285 1286 3350 865

221 3389 365 3474 Fertque
382 3389 543 3474 refertque
559 3411 686 3474 sonans,
704 3389 911 3475 clipeumque
927 3385 1095 3455 everberat
1110 3388 1182 3456 elis.

220 3493 279 3558 Illi
291 3495 437 3560 membra
452 3517 554 3560 novus
572 3494 667 3560 solvit
683 3493 852 3559 formidine
869 3501 990 3579 torpor,

220 3596 440 3681 Arrectaeque
456 3598 583 3663 horrore
599 3619 720 3681 comae,
736 3603 770 3662 et
786 3619 850 3662 vox
864 3597 1014 3663 faucibus
1029 3596 1144 3663 haesit.

221 3699 279 3783 At,
298 3702 411 3785 procul
426 3709 466 3766 ut
484 3702 582 3767 Dirae
599 3702 770 3768 stridorem
786 3701 918 3787 agnovit
934 3708 968 3766 et
984 3701 1063 3786 alas,

220 3805 343 3871 Infelix
360 3805 460 3871 crines
477 3807 596 3871 scindit
611 3805 635 3871 J
637 3814 759 3872 utuma
776 3807 908 3890 solutos,
1211 3804 1278 3874 870

220 3910 396 3996 Unguibus
412 3933 467 3975 011
483 3933 567 3976 10101
582 3913 713 3978 foedans
730 3921 763 3978 ot
781 3920 913 3997 pectora
929 3913 1059 3998 pugnis.
